<!DOCTYPE html>
<!-- saved from url=(0105)https://www.peapod.com/browse-aisles/categories/1/categories/2098/categories/2275-packaged-produce-salads -->
<html route-focus-delegator="" route-focus-init="" lang="en" ng-app="userApp" class="wf-proximanova-n4-active wf-proximanovasemiboldit-n4-active wf-proximanovaregularit-n4-active wf-active" tabindex="-1"><iframe height="0" width="0" style="display: none; visibility: hidden;" src="./Produce_Packaged_Produce_Salads_files/activityi.html"></iframe><head><meta http-equiv="Content-Type" content="text/html; charset=UTF-8"><style type="text/css">@charset "UTF-8";[ng\:cloak],[ng-cloak],[data-ng-cloak],[x-ng-cloak],.ng-cloak,.x-ng-cloak,.ng-hide:not(.ng-hide-animate){display:none !important;}ng\:form{display:block;}.ng-animate-shim{visibility:hidden;}.ng-anchor{position:absolute;}</style>
<!-- BEGIN GTM tracker snippet -->
<script src="./Produce_Packaged_Produce_Salads_files/f.txt"></script><script type="text/javascript" async="" src="./Produce_Packaged_Produce_Salads_files/Resonance.aspx"></script><script src="./Produce_Packaged_Produce_Salads_files/f(1).txt"></script><script type="text/javascript" async="" src="./Produce_Packaged_Produce_Salads_files/Resonance(1).aspx"></script><script src="./Produce_Packaged_Produce_Salads_files/f(2).txt"></script><script type="text/javascript" async="" src="./Produce_Packaged_Produce_Salads_files/Resonance(2).aspx"></script><script src="./Produce_Packaged_Produce_Salads_files/f(3).txt"></script><script src="./Produce_Packaged_Produce_Salads_files/f(4).txt"></script><script src="./Produce_Packaged_Produce_Salads_files/f(5).txt"></script><script src="./Produce_Packaged_Produce_Salads_files/f(6).txt"></script><script src="./Produce_Packaged_Produce_Salads_files/f(7).txt"></script><script type="text/javascript" async="" src="./Produce_Packaged_Produce_Salads_files/Resonance(3).aspx"></script><script src="./Produce_Packaged_Produce_Salads_files/f(8).txt"></script><script type="text/javascript" async="" src="./Produce_Packaged_Produce_Salads_files/Resonance(4).aspx"></script><script src="./Produce_Packaged_Produce_Salads_files/f(9).txt"></script><script type="text/javascript" async="" src="./Produce_Packaged_Produce_Salads_files/Resonance(5).aspx"></script><script src="./Produce_Packaged_Produce_Salads_files/f(10).txt"></script><script src="./Produce_Packaged_Produce_Salads_files/f(11).txt"></script><script type="text/javascript" async="" src="./Produce_Packaged_Produce_Salads_files/Resonance(6).aspx"></script><script src="./Produce_Packaged_Produce_Salads_files/f(12).txt"></script><script type="text/javascript" async="" src="./Produce_Packaged_Produce_Salads_files/Resonance(7).aspx"></script><script src="./Produce_Packaged_Produce_Salads_files/f(13).txt"></script><script type="text/javascript" async="" src="./Produce_Packaged_Produce_Salads_files/Resonance(8).aspx"></script><script src="./Produce_Packaged_Produce_Salads_files/f(14).txt"></script><script type="text/javascript" async="" src="./Produce_Packaged_Produce_Salads_files/Resonance(9).aspx"></script><script src="./Produce_Packaged_Produce_Salads_files/f(15).txt"></script><script type="text/javascript" async="" src="./Produce_Packaged_Produce_Salads_files/Resonance(10).aspx"></script><script src="./Produce_Packaged_Produce_Salads_files/f(16).txt"></script><script type="text/javascript" async="" src="./Produce_Packaged_Produce_Salads_files/Resonance(11).aspx"></script><script src="./Produce_Packaged_Produce_Salads_files/f(17).txt"></script><script type="text/javascript" async="" src="./Produce_Packaged_Produce_Salads_files/Resonance(12).aspx"></script><script src="./Produce_Packaged_Produce_Salads_files/f(18).txt"></script><script type="text/javascript" async="" src="./Produce_Packaged_Produce_Salads_files/Resonance(13).aspx"></script><script src="./Produce_Packaged_Produce_Salads_files/f(19).txt"></script><script type="text/javascript" async="" src="./Produce_Packaged_Produce_Salads_files/Resonance(14).aspx"></script><script src="./Produce_Packaged_Produce_Salads_files/f(20).txt"></script><script type="text/javascript" async="" src="./Produce_Packaged_Produce_Salads_files/Resonance(15).aspx"></script><script src="./Produce_Packaged_Produce_Salads_files/f(21).txt"></script><script type="text/javascript" async="" src="./Produce_Packaged_Produce_Salads_files/Resonance(16).aspx"></script><script src="./Produce_Packaged_Produce_Salads_files/f(22).txt"></script><script type="text/javascript" async="" src="./Produce_Packaged_Produce_Salads_files/Resonance(17).aspx"></script><script src="./Produce_Packaged_Produce_Salads_files/f(23).txt"></script><script type="text/javascript" async="" src="./Produce_Packaged_Produce_Salads_files/Resonance(18).aspx"></script><script src="./Produce_Packaged_Produce_Salads_files/f(24).txt"></script><script type="text/javascript" async="" src="./Produce_Packaged_Produce_Salads_files/Resonance(19).aspx"></script><script src="./Produce_Packaged_Produce_Salads_files/f(25).txt"></script><script type="text/javascript" async="" src="./Produce_Packaged_Produce_Salads_files/Resonance(20).aspx"></script><script src="./Produce_Packaged_Produce_Salads_files/f(26).txt"></script><script type="text/javascript" async="" src="./Produce_Packaged_Produce_Salads_files/Resonance(21).aspx"></script><script src="./Produce_Packaged_Produce_Salads_files/f(27).txt"></script><script type="text/javascript" async="" src="./Produce_Packaged_Produce_Salads_files/Resonance(22).aspx"></script><script src="./Produce_Packaged_Produce_Salads_files/f(28).txt"></script><script type="text/javascript" async="" src="./Produce_Packaged_Produce_Salads_files/Resonance(23).aspx"></script><script src="./Produce_Packaged_Produce_Salads_files/f(29).txt"></script><script type="text/javascript" async="" src="./Produce_Packaged_Produce_Salads_files/Resonance(24).aspx"></script><script src="./Produce_Packaged_Produce_Salads_files/f(30).txt"></script><script src="./Produce_Packaged_Produce_Salads_files/f(31).txt"></script><script type="text/javascript" async="" src="./Produce_Packaged_Produce_Salads_files/Resonance(25).aspx"></script><script src="./Produce_Packaged_Produce_Salads_files/f(32).txt"></script><script src="./Produce_Packaged_Produce_Salads_files/f(33).txt"></script><script src="./Produce_Packaged_Produce_Salads_files/f(34).txt"></script><script src="./Produce_Packaged_Produce_Salads_files/f(35).txt"></script><script src="./Produce_Packaged_Produce_Salads_files/f(36).txt"></script><script src="./Produce_Packaged_Produce_Salads_files/f(37).txt"></script><script type="text/javascript" async="" src="./Produce_Packaged_Produce_Salads_files/Resonance(26).aspx"></script><script src="./Produce_Packaged_Produce_Salads_files/f(38).txt"></script><script type="text/javascript" async="" src="./Produce_Packaged_Produce_Salads_files/Resonance(27).aspx"></script><script src="./Produce_Packaged_Produce_Salads_files/f(39).txt"></script><script type="text/javascript" async="" src="./Produce_Packaged_Produce_Salads_files/Resonance(28).aspx"></script><script src="./Produce_Packaged_Produce_Salads_files/f(40).txt"></script><script src="./Produce_Packaged_Produce_Salads_files/f(41).txt"></script><script src="./Produce_Packaged_Produce_Salads_files/f(42).txt"></script><script type="text/javascript" async="" src="./Produce_Packaged_Produce_Salads_files/Resonance(29).aspx"></script><script src="./Produce_Packaged_Produce_Salads_files/f(43).txt"></script><script src="./Produce_Packaged_Produce_Salads_files/f(44).txt"></script><script src="./Produce_Packaged_Produce_Salads_files/f(45).txt"></script><script src="./Produce_Packaged_Produce_Salads_files/f(46).txt"></script><script src="./Produce_Packaged_Produce_Salads_files/f(47).txt"></script><script src="./Produce_Packaged_Produce_Salads_files/f(48).txt"></script><script src="./Produce_Packaged_Produce_Salads_files/f(49).txt"></script><script src="./Produce_Packaged_Produce_Salads_files/f(50).txt"></script><script src="./Produce_Packaged_Produce_Salads_files/f(51).txt"></script><script src="./Produce_Packaged_Produce_Salads_files/f(52).txt"></script><script src="./Produce_Packaged_Produce_Salads_files/f(53).txt"></script><script src="./Produce_Packaged_Produce_Salads_files/osd.js"></script><script src="./Produce_Packaged_Produce_Salads_files/f(54).txt"></script><script src="./Produce_Packaged_Produce_Salads_files/pubads_impl_rendering_2019062401.js"></script><script type="text/javascript" async="" src="./Produce_Packaged_Produce_Salads_files/Resonance(30).aspx"></script><script type="text/javascript" src="./Produce_Packaged_Produce_Salads_files/get"></script><script type="text/javascript" src="./Produce_Packaged_Produce_Salads_files/optout_check"></script><script type="text/javascript" src="./Produce_Packaged_Produce_Salads_files/c930f92d-6e77-4e79-8afb-3c1e560bf29e(1)"></script><script type="text/javascript" src="./Produce_Packaged_Produce_Salads_files/c930f92d-6e77-4e79-8afb-3c1e560bf29e"></script><script async="" src="./Produce_Packaged_Produce_Salads_files/main.532239b0.js"></script><script async="" src="./Produce_Packaged_Produce_Salads_files/controltag.js.f0b61617fbc713883207cc130147aee2"></script><script type="text/javascript" async="" src="./Produce_Packaged_Produce_Salads_files/ecommerce.js"></script><script type="text/javascript" async="" src="./Produce_Packaged_Produce_Salads_files/linkid.js"></script><script async="" src="./Produce_Packaged_Produce_Salads_files/pixel.js"></script><script src="./Produce_Packaged_Produce_Salads_files/104762392963845" async=""></script><script src="./Produce_Packaged_Produce_Salads_files/817960774913222" async=""></script><script src="./Produce_Packaged_Produce_Salads_files/inferredEvents.js" async=""></script><script src="./Produce_Packaged_Produce_Salads_files/367377797354413" async=""></script><script async="" src="./Produce_Packaged_Produce_Salads_files/fbevents.js"></script><script async="" src="./Produce_Packaged_Produce_Salads_files/gtm.js"></script><script type="text/javascript" async="" src="./Produce_Packaged_Produce_Salads_files/analytics.js"></script><script async="" src="./Produce_Packaged_Produce_Salads_files/analytics.js"></script><script async="" src="./Produce_Packaged_Produce_Salads_files/fs.js"></script><script async="" src="./Produce_Packaged_Produce_Salads_files/gtm.js"></script><script>
(function(w,d,s,l,i){
w[l]=w[l]||[];
w[l].push({'gtm.start': new Date().getTime(), event:'gtm.js'});
var f=d.getElementsByTagName(s)[0],j=d.createElement(s),dl=l!='dataLayer'?'&l='+l:'';
j.async=true;
j.src='https://www.googletagmanager.com/gtm.js?id='+i+dl;
f.parentNode.insertBefore(j,f);
})(window,document,'script','dataLayer','GTM-MDB4F8D');
</script>
<!-- END GTM tracker snippet -->
<!-- Mobile viewport optimizations -->
<meta name="HandheldFriendly" content="true">
<meta name="viewport" content="width=device-width, initial-scale=1.0, maximum-scale=2.0, minimum-scale=1.0">
<meta name="apple-mobile-web-app-capable" content="yes">
<meta name="mobile-web-app-capable" content="yes">
<meta name="format-detection" content="telephone=no">
<meta name="keywords" content="home grocery delivery, home grocery shopping, grocery shopping from home, home grocery delivery service">
<meta name="Classification" content="grocery, food, grocery shopping">
<meta name="msapplication-TileColor" content="#ffffff">
<meta name="msapplication-TileImage" content="/shop/images/favicon/ms-icon-144x144.png">
<meta name="msapplication-config" content="/shop/images/favicon/browserconfig.xml">
<meta name="theme-color" content="#ffffff">
<meta name="apple-itunes-app" content="app-id=386315393">
<meta name="google-play-app" content="app-id=com.peapod.app.mobile.droid">
<meta http-equiv="X-UA-Compatible" content="IE=edge">

<title ng-bind="app.title">Browse Aisles - Packaged Produce &amp; Salads | Peapod</title>
<meta name="description" content="Peapod offers convenient online grocery shopping. We carry fresh, healthy foods, and supermarket staples from your favorite brands all available for delivery.">
<link rel="apple-touch-icon" sizes="57x57" href="https://www.peapod.com/shop/images/favicon/apple-icon-57x57.png">
<link rel="apple-touch-icon" sizes="60x60" href="https://www.peapod.com/shop/images/favicon/apple-icon-60x60.png">
<link rel="apple-touch-icon" sizes="72x72" href="https://www.peapod.com/shop/images/favicon/apple-icon-72x72.png">
<link rel="apple-touch-icon" sizes="76x76" href="https://www.peapod.com/shop/images/favicon/apple-icon-76x76.png">
<link rel="apple-touch-icon" sizes="114x114" href="https://www.peapod.com/shop/images/favicon/apple-icon-114x114.png">
<link rel="apple-touch-icon" sizes="120x120" href="https://www.peapod.com/shop/images/favicon/apple-icon-120x120.png">
<link rel="apple-touch-icon" sizes="144x144" href="https://www.peapod.com/shop/images/favicon/apple-icon-144x144.png">
<link rel="apple-touch-icon" sizes="152x152" href="https://www.peapod.com/shop/images/favicon/apple-icon-152x152.png">
<link rel="apple-touch-icon" sizes="180x180" href="https://www.peapod.com/shop/images/favicon/apple-icon-180x180.png">
<link rel="icon" type="image/png" sizes="192x192" href="https://www.peapod.com/shop/images/favicon/android-icon-192x192.png">
<link rel="icon" type="image/png" sizes="32x32" href="https://www.peapod.com/shop/images/favicon/favicon-32x32.png">
<link rel="icon" type="image/png" sizes="96x96" href="https://www.peapod.com/shop/images/favicon/favicon-96x96.png">
<link rel="icon" type="image/png" sizes="16x16" href="https://www.peapod.com/shop/images/favicon/favicon-16x16.png">
<link rel="manifest" href="https://www.peapod.com/shop/images/favicon/manifest.json">
<meta name="msapplication-TileColor" content="#ffffff">
<meta name="msapplication-TileImage" content="/shop/images/favicon/ms-icon-144x144.png">
<meta name="msapplication-config" content="/shop/images/favicon/browserconfig.xml">
<meta name="theme-color" content="#ffffff">

<!-- BEGIN FullStory tracker snippet -->
<script>
if (typeof timeOrdQy === "undefined" || timeOrdQy <= 3) {
window['_fs_debug'] = false;
window['_fs_host'] = 'fullstory.com';
window['_fs_org'] = 'BYSXZ';
window['_fs_namespace'] = 'FS';
(function(m,n,e,t,l,o,g,y){
if (e in m) {if(m.console && m.console.log) { m.console.log('FullStory namespace conflict. Please set window["_fs_namespace"].');} return;}
g=m[e]=function(a,b){g.q?g.q.push([a,b]):g._api(a,b);};g.q=[];
o=n.createElement(t);o.async=1;o.src='https://'+_fs_host+'/s/fs.js';
y=n.getElementsByTagName(t)[0];y.parentNode.insertBefore(o,y);
g.identify=function(i,v){g(l,{uid:i});if(v)g(l,v)};g.setUserVars=function(v){g(l,v)};
g.shutdown=function(){g("rec",!1)};g.restart=function(){g("rec",!0)};
g.consent=function(a){g("consent",!arguments.length||a)};
g.identifyAccount=function(i,v){o='account';v=v||{};v.acctId=i;g(o,v)};
g.clearUserCookie=function(){};
})(window,document,window['_fs_namespace'],'script','user');
}
</script>
<!-- END Fullstory tracker snippet -->
<script type="text/javascript">
var appConfig = {
apiKey: '303',
googleAnalyticsId: 'UA-20096507-3',
orderStatusEtaBufferMinutes: 30,
orderStatusLateMinutes: 30,
orderStatusDepartureTimeHourOffset: 1,
secureEnabled: true,
optimizelyEnabled: true,
sessionTrackingEnabled: true,
optimizelyUrl: 'https://cdn.optimizely.com/js/8545500175.js',
encryptionScripts: {
scriptKey: 'https://safetechpageencryption.chasepaymentech.com/pie/v1/64100000000007/getkey.js?1499350371496',
scriptEncrypt: 'https://safetechpageencryption.chasepaymentech.com/pie/v1/encryption.js?14993503714961562007189546'
},
drEncryptionScript: '/scripts/payment/paymentech_include.jhtml',
productPrefs: {
showRecommendations: true
},
routeLogging: true,
modalLogging: true,
eventLogging: true,
exceptionLogging: true,
bazaarVoice: {
apiVersion: '5.4',
displayApiKey: '74f52k0udzrawbn3mlh3r8z0m',
displayApiUrl: '//api.bazaarvoice.com',
submitApiKey: '74f52k0udzrawbn3mlh3r8z0m',
submitApiUrl: '//api.bazaarvoice.com',
pageSize: '10'
},
cdnUrl: 'https://i5.peapod.com',
opcoId: 'STSH',
sessionTimeout: 900000,
devicePushEnabled: true,
defaultZip: null,
defaultPickupLocation: null
},
messageBundle = {},
callbacks = {},
resx = {},
UserVoice = window.UserVoice || [],
timeOrdQy = 0;
appConfig.opcoTheme = 'PPOD';
var googletag = googletag || {};
googletag.cmd = googletag.cmd || [];
window.dataLayer = window.dataLayer || [];
window.dataLayer.push({
'event': 'gt-dataLayer-initialized',
'pageCategory': 'landing',
'userId': 88969266,
'userGuid': '9f8ba071-13e7-4d3b-a9fe-2c1b0dd86ae2',
'userLoggedIn': true,
'zipCode': '02144',
'state': 'MA',
'city': 'Somerville',
'daysSinceLastOrder': 0,
'numberOfOrders': 0,
'brand': 'STSH',
'customerType': 'C',
'orderStatus': 'WORKING'
});
</script>
<script type="text/javascript">
WebFontConfig = {
custom: {
families: ['ProximaNova', 'ProximaNova-RegularIt', 'ProximaNova-SemiboldIt'],
urls: ['/shop/dist/css/font_proximanova_cfcc942f04be60ac9a0e2ef755a7127a52c46d8a.css']
}
};
</script>
<link type="text/css" href="./Produce_Packaged_Produce_Salads_files/ppod_cfcc942f04be60ac9a0e2ef755a7127a52c46d8a.css" rel="stylesheet">
<script src="./Produce_Packaged_Produce_Salads_files/project-newman-external_cfcc942f04be60ac9a0e2ef755a7127a52c46d8a.js" type="text/javascript"></script>
<script src="./Produce_Packaged_Produce_Salads_files/project-newman-user_cfcc942f04be60ac9a0e2ef755a7127a52c46d8a.js" type="text/javascript"></script><style type="text/css">.vector-icon_inline-text--left[data-v-7302d04b]{margin-right:0}</style><style type="text/css">.confirmation-wrapper[data-v-14733eca]{z-index:99}</style><style type="text/css">.vector-icon-size--xsmall[data-v-784b3ece]{margin-top:5px}</style><style type="text/css">.buy-more-save-more_cta[data-v-32d72559]{cursor:pointer;display:flex}.buy-more-save-more_cta svg[data-v-32d72559]{margin:.25rem 0 0 .3rem;height:.8rem;width:.8rem}</style><style type="text/css">.bulk-buy_container[data-v-3bdfba46]{position:absolute;z-index:1;bottom:6rem;width:95%;height:15rem}.bulk-buy_container .bulk-buy_header-container h4[data-v-3bdfba46]{font-weight:600;font-size:1.5rem;margin-top:.5rem}.bulk-buy_container .bulk-buy_header-container button[data-v-3bdfba46]{border:none;position:absolute;left:.5rem;top:.8rem;z-index:10}.bulk-buy_container .bulk-buy_body button[data-v-3bdfba46]{height:100%;margin-top:.4rem}.bulk-buy_container .bulk-buy_mix-match-body[data-v-3bdfba46]{display:flex;align-items:center;justify-content:center;height:75%}.bulk-buy_container .bulk-buy_mix-match-body button[data-v-3bdfba46]{background-color:#fff;padding:.5rem 1rem}.bulk-buy_container-mobile[data-v-3bdfba46]{width:100%;height:10.5rem;left:0;bottom:5rem}.bulk-buy_container-mobile .bulk-buy_header-container h4[data-v-3bdfba46]{text-align:center}.bulk-buy_container-mobile .bulk-buy_header-container button[data-v-3bdfba46]{left:1rem}.bulk-buy_container-mobile .bulk-buy_body[data-v-3bdfba46]{margin:.5rem .5rem 0 .5rem;white-space:nowrap;width:97%;overflow-y:scroll}.bulk-buy_container-mobile .bulk-buy_body button[data-v-3bdfba46]{font-size:1.4rem;margin-left:1rem;padding:.8rem 0;width:8rem}.bulk-buy_container-mobile .bulk-buy_body button .bulk-buy-scroller_button--quantity[data-v-3bdfba46]{display:block}.bulk-buy_container-mobile .bulk-buy_body button .loading-spinner[data-v-3bdfba46]{right:0}</style>
<script src="./Produce_Packaged_Produce_Salads_files/project-newman-tpls_cfcc942f04be60ac9a0e2ef755a7127a52c46d8a.js" type="text/javascript"></script>
<link rel="stylesheet" href="./Produce_Packaged_Produce_Salads_files/font_proximanova_cfcc942f04be60ac9a0e2ef755a7127a52c46d8a.css" media="all"><script src="./Produce_Packaged_Produce_Salads_files/webfontloader.1.6.28.min_cfcc942f04be60ac9a0e2ef755a7127a52c46d8a.js" type="text/javascript"></script>
<!--<base href="/">--><base href=".">
<script type="text/javascript" src="./Produce_Packaged_Produce_Salads_files/c3metrics-414.js"></script><script type="text/javascript" src="./Produce_Packaged_Produce_Salads_files/r5kol0qtp.js"></script><script type="text/javascript" src="./Produce_Packaged_Produce_Salads_files/core.js"></script><script type="text/javascript" src="./Produce_Packaged_Produce_Salads_files/core(1).js"></script><script type="text/javascript" src="./Produce_Packaged_Produce_Salads_files/cxbew.js"></script><script type="text/javascript" async="" src="./Produce_Packaged_Produce_Salads_files/abd.min.js"></script><script type="text/javascript" async="" src="./Produce_Packaged_Produce_Salads_files/ld.js"></script><script type="text/javascript" async="" src="./Produce_Packaged_Produce_Salads_files/onetag.js"></script><script src="./Produce_Packaged_Produce_Salads_files/global_header"></script><script type="text/javascript" src="./Produce_Packaged_Produce_Salads_files/cxbew.js"></script><link rel="preload" href="./Produce_Packaged_Produce_Salads_files/f(55).txt" as="script"><script type="text/javascript" src="./Produce_Packaged_Produce_Salads_files/f(55).txt"></script><script src="./Produce_Packaged_Produce_Salads_files/pubads_impl_2019062401.js" async=""></script><script type="text/javascript" src="./Produce_Packaged_Produce_Salads_files/cxbew.js"></script><link rel="prefetch" href="https://tpc.googlesyndication.com/safeframe/1-0-35/html/container.html"><script type="text/javascript" src="./Produce_Packaged_Produce_Salads_files/cxbew.js"></script><script type="text/javascript" src="./Produce_Packaged_Produce_Salads_files/cxbew.js"></script><script type="text/javascript" src="./Produce_Packaged_Produce_Salads_files/cxbew.js"></script><script type="text/javascript" src="./Produce_Packaged_Produce_Salads_files/cxbew.js"></script><script type="text/javascript" src="./Produce_Packaged_Produce_Salads_files/cxbew.js"></script><script type="text/javascript" src="./Produce_Packaged_Produce_Salads_files/cxbew.js"></script><script type="text/javascript" src="./Produce_Packaged_Produce_Salads_files/cxbew.js"></script><script type="text/javascript" src="./Produce_Packaged_Produce_Salads_files/cxbew.js"></script><script type="text/javascript" src="./Produce_Packaged_Produce_Salads_files/cxbew.js"></script><script type="text/javascript" src="./Produce_Packaged_Produce_Salads_files/cxbew.js"></script><script type="text/javascript" src="./Produce_Packaged_Produce_Salads_files/cxbew.js"></script><script type="text/javascript" src="./Produce_Packaged_Produce_Salads_files/cxbew.js"></script><script type="text/javascript" src="./Produce_Packaged_Produce_Salads_files/prefs.js"></script><script type="text/javascript" src="./Produce_Packaged_Produce_Salads_files/pref.json"></script><script type="text/javascript" src="./Produce_Packaged_Produce_Salads_files/cxbew.js"></script><script type="text/javascript" src="./Produce_Packaged_Produce_Salads_files/cxbew.js"></script><script type="text/javascript" src="./Produce_Packaged_Produce_Salads_files/cxbew.js"></script><script type="text/javascript" src="./Produce_Packaged_Produce_Salads_files/cxbew.js"></script><script type="text/javascript" src="./Produce_Packaged_Produce_Salads_files/cxbew.js"></script><script type="text/javascript" src="./Produce_Packaged_Produce_Salads_files/cxbew.js"></script><script type="text/javascript" src="./Produce_Packaged_Produce_Salads_files/cxbew.js"></script><script type="text/javascript" src="./Produce_Packaged_Produce_Salads_files/cxbew.js"></script><script type="text/javascript" src="./Produce_Packaged_Produce_Salads_files/cxbew.js"></script><script type="text/javascript" src="./Produce_Packaged_Produce_Salads_files/cxbew.js"></script><script type="text/javascript" src="./Produce_Packaged_Produce_Salads_files/cxbew.js"></script><script type="text/javascript" src="./Produce_Packaged_Produce_Salads_files/cxbew.js"></script><script type="text/javascript" src="./Produce_Packaged_Produce_Salads_files/cxbew.js"></script><script type="text/javascript" src="./Produce_Packaged_Produce_Salads_files/cxbew.js"></script><script type="text/javascript" src="./Produce_Packaged_Produce_Salads_files/cxbew.js"></script><script type="text/javascript" src="./Produce_Packaged_Produce_Salads_files/cxbew.js"></script><script type="text/javascript" src="./Produce_Packaged_Produce_Salads_files/cxbew.js"></script><script type="text/javascript" src="./Produce_Packaged_Produce_Salads_files/cxbew.js"></script><script type="text/javascript" src="./Produce_Packaged_Produce_Salads_files/cxbew.js"></script><script type="text/javascript" src="./Produce_Packaged_Produce_Salads_files/cxbew.js"></script><script type="text/javascript" src="./Produce_Packaged_Produce_Salads_files/cxbew.js"></script><script type="text/javascript" src="./Produce_Packaged_Produce_Salads_files/cxbew.js"></script><script type="text/javascript" src="./Produce_Packaged_Produce_Salads_files/cxbew.js"></script><script type="text/javascript" src="./Produce_Packaged_Produce_Salads_files/cxbew.js"></script><script type="text/javascript" src="./Produce_Packaged_Produce_Salads_files/cxbew.js"></script><script type="text/javascript" src="./Produce_Packaged_Produce_Salads_files/cxbew.js"></script><script type="text/javascript" src="./Produce_Packaged_Produce_Salads_files/cxbew.js"></script><script type="text/javascript" src="./Produce_Packaged_Produce_Salads_files/cxbew.js"></script><script type="text/javascript" src="./Produce_Packaged_Produce_Salads_files/cxbew.js"></script><script type="text/javascript" src="./Produce_Packaged_Produce_Salads_files/cxbew.js"></script><script type="text/javascript" src="./Produce_Packaged_Produce_Salads_files/cxbew.js"></script><script type="text/javascript" src="./Produce_Packaged_Produce_Salads_files/cxbew.js"></script><script type="text/javascript" src="./Produce_Packaged_Produce_Salads_files/cxbew.js"></script><script type="text/javascript" src="./Produce_Packaged_Produce_Salads_files/cxbew.js"></script><script type="text/javascript" src="./Produce_Packaged_Produce_Salads_files/cxbew.js"></script><script type="text/javascript" src="./Produce_Packaged_Produce_Salads_files/cxbew.js"></script><script type="text/javascript" src="./Produce_Packaged_Produce_Salads_files/cxbew.js"></script><script type="text/javascript" src="./Produce_Packaged_Produce_Salads_files/cxbew.js"></script><script type="text/javascript" src="./Produce_Packaged_Produce_Salads_files/cxbew.js"></script><script type="text/javascript" src="./Produce_Packaged_Produce_Salads_files/cxbew.js"></script><script type="text/javascript" src="./Produce_Packaged_Produce_Salads_files/cxbew.js"></script><script type="text/javascript" src="./Produce_Packaged_Produce_Salads_files/cxbew.js"></script><script type="text/javascript" src="./Produce_Packaged_Produce_Salads_files/cxbew.js"></script><script type="text/javascript" src="./Produce_Packaged_Produce_Salads_files/cxbew.js"></script><script type="text/javascript" src="./Produce_Packaged_Produce_Salads_files/cxbew.js"></script><script type="text/javascript" src="./Produce_Packaged_Produce_Salads_files/cxbew.js"></script><script type="text/javascript" src="./Produce_Packaged_Produce_Salads_files/cxbew.js"></script><script type="text/javascript" src="./Produce_Packaged_Produce_Salads_files/cxbew.js"></script><script type="text/javascript" src="./Produce_Packaged_Produce_Salads_files/cxbew.js"></script><script type="text/javascript" src="./Produce_Packaged_Produce_Salads_files/cxbew.js"></script><script type="text/javascript" src="./Produce_Packaged_Produce_Salads_files/cxbew.js"></script><script type="text/javascript" src="./Produce_Packaged_Produce_Salads_files/cxbew.js"></script><script type="text/javascript" src="./Produce_Packaged_Produce_Salads_files/cxbew.js"></script></head>
<body js-context-back-handler-root="" class="tablet-desktop tablet browse-desktop browse-mini-tablet with-subheader" coupon-configuration-listener="" video-listener="" width-breakpoints="" ppd-order-cutoff-warning="" ppd-order-status="" ppd-cart-locations="" user-profile="" ppd-cart-route="" ppd-js-context="" watch-width="" checkout-view="" notification-controller="" ng-controller="viewHelperController" ng-class="{ &#39;with-subheader&#39;: app.subHeader != &#39;&#39;, &#39;with-warning-header&#39;: warningHeader != &#39;&#39;, animateView: animateView, authValidating: authValidating }" ng-keydown="toggleFocus($event)" style="visibility: visible;">
<noscript>
<style>
header {
padding: 1rem 1rem 1rem 1rem;
background-color: #f2f2f2;
width: 100%;
font-size: larger;
overflow: scroll;
}
body {
overflow-y: scroll;
padding: 0rem 1rem;
}
.promo {
margin-left: 1rem;
border: 2px solid #5EA000;
padding: 0.5rem;
}
.large-text {
font-size: 3rem;
padding: 2rem 1rem 1rem 1rem;
}
.medium-text {
font-size: 2rem;
padding: 1rem;
}
#categories {
margin-left: 2rem;
}
footer {
margin-top: 2rem;
background-color: #f2f2f2;
}
#markets {
width: 40%;
}
#about-peapod {
width: 20%;
}
#follow-us {
width: 20%;
}
.seo_inline-block {
display: inline-block;
vertical-align: top;
margin: 1rem;
}
.seo_logo {
display: inline-block;
width: 49%;
text-align: left;
margin-left: 1rem;
font-size: x-large;
}
.seo_sign-in {
display: inline-block;
width: 48%;
text-align: right;
margin-right: 0;
}
.container--full-height {
display: none;
}
.product-list-entry {
padding: 5px 0 0;
}
.product-image {
vertical-align: middle;
padding: 0 1rem;
}
</style>
<header>
<div class="seo_logo"><a href="/">Peapod.com</a></div>
<div class="seo_sign-in"><a href="/shop/auth/index.jhtml?gateway=1">Sign In</a></div>
</header>
<main class="select-text">
<div id="categories">
<ul>
<li>
<a href="/browse-aisles/categories/1/categories/2-alcoholic-beverages">
Alcoholic Beverages
</a>
</li>
<li>
<a href="/browse-aisles/categories/1/categories/85-bread-bakery">
Bread &amp; Bakery
</a>
</li>
<li>
<a href="/browse-aisles/categories/1/categories/166-baking-cooking-needs">
Baking &amp; Cooking Needs
</a>
</li>
<li>
<a href="/browse-aisles/categories/1/categories/365-beverages">
Beverages
</a>
</li>
<li>
<a href="/browse-aisles/categories/1/categories/530-breakfast-cereal">
Breakfast &amp; Cereal
</a>
</li>
<li>
<a href="/browse-aisles/categories/1/categories/569-condiments-sauces">
Condiments &amp; Sauces
</a>
</li>
<li>
<a href="/browse-aisles/categories/1/categories/805-dairy">
Dairy
</a>
</li>
<li>
<a href="/browse-aisles/categories/1/categories/921-deli">
Deli
</a>
</li>
<li>
<a href="/browse-aisles/categories/1/categories/995-frozen">
Frozen
</a>
</li>
<li>
<a href="/browse-aisles/categories/1/categories/1066-rice-grains-pasta-beans">
Rice, Grains, Pasta &amp; Beans
</a>
</li>
<li>
<a href="/browse-aisles/categories/1/categories/1201-health-beauty">
Health &amp; Beauty
</a>
</li>
<li>
<a href="/browse-aisles/categories/1/categories/1370-baby-childcare">
Baby &amp; Childcare
</a>
</li>
<li>
<a href="/browse-aisles/categories/1/categories/1448-laundry-paper-cleaning">
Laundry, Paper &amp; Cleaning
</a>
</li>
<li>
<a href="/browse-aisles/categories/1/categories/1563-meat">
Meat
</a>
</li>
<li>
<a href="/browse-aisles/categories/1/categories/1633-seafood">
Seafood
</a>
</li>
<li>
<a href="/browse-aisles/categories/1/categories/1675-office-home-garden">
Office, Home &amp; Garden
</a>
</li>
<li>
<a href="/browse-aisles/categories/1/categories/2057-pet-store">
Pet Store
</a>
</li>
<li>
<a href="/browse-aisles/categories/1/categories/2098-produce">
Produce
</a>
</li>
<li>
<a href="/browse-aisles/categories/1/categories/2543-snacks-candy">
Snacks &amp; Candy
</a>
</li>
<li>
<a href="/browse-aisles/categories/1/categories/2708-soups-canned-goods">
Soups &amp; Canned Goods
</a>
</li>
<li>
<a href="/browse-aisles/categories/1/categories/4147-meal-kits">
Meal Kits
</a>
</li>
</ul>
</div>
</main>
<footer class="select-text">
<div id="about-peapod" class="seo_inline-block">
<h3>About Peapod</h3>
<ul>
<li><a href="http://about.peapod.com/our-company/our-mission/">Company Overview</a><br/></li>
<li><a href="https://www.peapod.com/careers">Careers</a><br/></li>
<li><a href="https://ew23.ultipro.com/Login.aspx">Employees</a><br/></li>
<li><a href="https://about.peapod.com/">News Room</a><br/></li>
<li><a href="http://about.peapod.com/news-room/information-for-affiliates/">Affliates</a><br/></li>
<droplet bean="URLDroplet">
<param name="relativeUrl" value="/shop/auth/login/policy">
<oparam name="output">
<li><a href="param:secureUrl">Accessibility Policy</a><br/></li>
</oparam>
</droplet>
</ul>
</div>
<div id="follow-us" class="seo_inline-block">
<h3>Follow Us</h3>
<ul>
<li><a href="https://www.facebook.com/PeapodDelivers">Facebook</a><br/></li>
<li><a href="https://twitter.com/PeapodDelivers">Twitter</a><br/></li>
<li><a href="https://www.pinterest.com/peapoddelivers/">Pinterest</a><br/></li>
<li><a href="https://www.instagram.com/peapoddelivers/">Instagram</a><br/></li>
<li><a href="https://www.youtube.com/user/peapoddelivery">YouTube</a><br/></li>
<li><a href="https://play.google.com/store/apps/details?id=com.peapod.app.mobile.droid">Get It on Google Play</a><br/></li>
<li><a href="itms://itunes.apple.com/us/app/peapod/id386315393?mt=8">Download on the App Store</a><br/></li>
</ul>
</div>
</footer>
</noscript>
<!-- BEGIN Google Tag Manager noscript -->
<noscript>
<iframe
src="https://www.googletagmanager.com/ns.html?id=GTM-MDB4F8D"
height="0"
width="0"
style="display:none;visibility:hidden">
</iframe>
</noscript>
<!-- END Google Tag Manager noscript -->
<a aria-hidden="" href="https://www.peapod.com/" ng-click="focusOn(&#39;main-content&#39;)" class="skip-nav" target="_self" tabindex="0">Skip to Main Content</a>
<!----><div ng-include="&#39;/shop/site/partials/global/alert/alert.html&#39;"><div class="alert" alert=""><!----><!----><!----></div></div>
<!---->
<!---->
<!---->
<!---->
<div ng-controller="OrderStatusOverlayController as orderStatusOverlayController">
<!---->
</div>
<!---->
<!---->
<!---->
<!---->
<!---->
<!---->
<!---->
<!---->
<!---->
<!---->
<!---->
<!---->
<!---->
<!---->
<!---->
<!---->
<!---->
<!---->
<!---->
<!---->
<!---->
<!---->
<!---->
<!---->
<!---->
<!---->
<!----><div class="container--absolutely-fill" ng-include="&#39;/shop/site/partials/global/page/page-view.html&#39;"><div class="container--full-height container--full-width" id="exp_site_subheader"><site-subheader-management class="flex-content_container container--full-height container--full-width"><global-header><div id="global-header"><!----><header class="global-header"><nav aria-label="main" class="global-header_nav global-header_nav--main"><button id="menu-button" aria-label="Menu" aria-haspopup="true" class="menu-button hidden-above-1200"><div class="menu-button_icon"><svg xmlns="http://www.w3.org/2000/svg" aria-label="menu" viewBox="0 0 38 32" role="presentation" aria-hidden="true" focusable="false" class=""><title lang="en">
      menu
    </title><desc></desc><g fill="" stroke=""><g><path d="M37.38 30.82h-37.38v-4h37.38zM37.38 17.4h-37.38v-4h37.38zM37.38 3.98h-37.38v-3.98h37.38z" fill="#001919"></path></g></g></svg></div></button><a id="brand-logo_link" href="https://www.peapod.com/#" aria-label="Peapod Home" class="global-header_logo-container"><!----><div><!----><!----><!----><div class="vector-icon-peapod-logo-with-sns"><svg xmlns="http://www.w3.org/2000/svg" aria-label="Peapod Logo" viewBox="0 0 215 32" role="presentation" aria-hidden="true" focusable="false" class=""><title lang="en">
      Peapod Logo
    </title><desc></desc><g fill="" stroke=""><g><path fill="#781d7e" d="M146.54 21.862c0.825 0.564 1.758 0.955 2.757 0.955 1.433 0 1.997-0.89 1.997-1.585 0-1.020-0.89-1.368-1.607-1.672l-0.651-0.261c-0.608-0.282-1.303-0.586-1.802-1.172-0.261-0.304-0.63-0.868-0.63-1.715 0-1.541 1.281-2.996 3.669-2.996 1.303 0 2.193 0.391 2.54 0.543v1.737c-0.326-0.261-1.129-0.868-2.431-0.868s-1.802 0.782-1.802 1.433c0 0.933 0.934 1.346 1.693 1.65l0.738 0.304c0.608 0.282 1.259 0.586 1.737 1.172 0.326 0.391 0.586 0.999 0.586 1.715 0 1.737-1.455 3.126-3.886 3.126-0.651 0-1.693-0.109-2.909-0.586v-1.78z"></path><path fill="#781d7e" d="M157.373 23.967c-0.195 0.043-0.456 0.109-0.868 0.109s-0.999-0.065-1.433-0.564c-0.434-0.499-0.434-0.999-0.412-1.65l0.022-3.951h-0.934v-1.237h0.955v-1.346l1.693-0.521v1.889h1.628v1.237h-1.65l-0.022 3.148c0 0.782 0 1.085 0.174 1.346 0.13 0.195 0.412 0.391 0.89 0.391 0.326 0 0.651-0.087 0.955-0.195l-0.999 1.346z"></path><path fill="#781d7e" d="M162.193 24.076c-2.366 0-3.582-1.65-3.582-3.712 0-2.149 1.368-3.843 3.669-3.843 2.084 0 3.517 1.455 3.517 3.712 0 2.149-1.216 3.843-3.604 3.843zM162.214 17.758c-0.586 0.022-1.042 0.261-1.368 0.825-0.326 0.521-0.391 1.129-0.391 1.758 0 0.564 0.065 1.237 0.412 1.758 0.326 0.521 0.847 0.76 1.368 0.76 1.216 0 1.758-1.237 1.758-2.562s-0.499-2.518-1.758-2.518l-0.022-0.022z"></path><path fill="#781d7e" d="M180.928 23.381l-1.433-1.107c0 0 1.129 0.412 0.912 0.651s-0.412 0.456-0.89 0.738c-0.673 0.412-1.194 0.499-1.824 0.521-1.672 0.022-2.887-0.782-3.018-2.193-0.043-0.564 0.087-1.107 0.391-1.541 0.369-0.521 0.847-0.76 1.194-0.955-0.217-0.217-0.847-0.803-0.89-1.52-0.109-1.194 0.76-2.084 2.128-2.193 1.259-0.109 2.28 0.63 2.366 1.715 0.043 0.434-0.087 0.912-0.347 1.303-0.347 0.499-0.608 0.716-1.042 0.933l3.278 2.605-0.825 1.042zM177.042 20.255c-0.456 0.174-0.977 0.651-0.912 1.411 0.065 0.651 0.608 1.455 1.867 1.346 0.499-0.043 0.999-0.326 1.541-0.738l-2.497-2.019zM178.562 17.585c-0.043-0.586-0.478-0.89-0.977-0.847-0.586 0.043-0.912 0.564-0.868 1.107 0.043 0.456 0.456 0.803 0.803 1.107 1.042-0.369 1.064-0.933 1.042-1.368z"></path><path fill="#781d7e" d="M182.122 21.796c0.825 0.564 1.758 0.955 2.757 0.955 1.455 0 1.997-0.89 1.997-1.585 0-1.020-0.89-1.368-1.607-1.672l-0.651-0.261c-0.608-0.282-1.303-0.586-1.802-1.172-0.261-0.304-0.63-0.868-0.63-1.715 0-1.541 1.281-2.996 3.669-2.996 1.303 0 2.193 0.391 2.54 0.543v1.737c-0.326-0.261-1.129-0.868-2.431-0.868s-1.802 0.782-1.802 1.433c0 0.933 0.934 1.346 1.693 1.65l0.738 0.304c0.608 0.282 1.281 0.586 1.737 1.172 0.326 0.391 0.586 0.999 0.586 1.693 0 1.737-1.455 3.126-3.886 3.126-0.651 0-1.693-0.109-2.909-0.586v-1.758z"></path><path fill="#781d7e" d="M196.038 23.902h-1.715v-3.647c-0.022-1.129-0.022-1.715-0.499-2.106-0.195-0.152-0.521-0.304-0.999-0.304s-0.868 0.13-1.346 0.434v5.623h-1.737v-10.29h1.737v4.45l-0.412-0.825c0 0 0.63-0.326 0.999-0.456 0.304-0.109 0.912-0.261 1.433-0.261 0.434 0 1.216 0.065 1.802 0.608 0.673 0.608 0.695 1.346 0.695 1.976l0.043 4.798z"></path><path fill="#781d7e" d="M200.619 24.076c-2.366 0-3.582-1.65-3.582-3.712 0-2.149 1.368-3.843 3.669-3.843 2.084 0 3.517 1.455 3.517 3.712 0 2.149-1.216 3.843-3.604 3.843zM200.64 17.758c-0.586 0.022-1.042 0.261-1.368 0.825-0.326 0.521-0.391 1.129-0.391 1.758 0 0.564 0.065 1.237 0.412 1.758s0.847 0.76 1.368 0.76c1.216 0 1.758-1.237 1.758-2.562s-0.499-2.518-1.758-2.518l-0.022-0.022z"></path><path fill="#781d7e" d="M206.958 17.042c0.195-0.087 0.716-0.282 0.868-0.347 0.13-0.043 0.564-0.174 1.129-0.174 2.106 0 3.343 1.476 3.343 3.625 0 2.366-1.433 3.929-3.495 3.929-0.868 0-1.411-0.282-1.802-0.478v3.343h-1.715v-10.247h1.715v1.216c0 0-0.217-0.782-0.043-0.868zM207.001 22.339c0.174 0.109 0.651 0.434 1.411 0.434 1.389 0 2.084-1.151 2.084-2.562 0-0.738-0.195-1.324-0.499-1.693-0.282-0.347-0.782-0.716-1.585-0.716-0.499 0-0.977 0.13-1.411 0.347v4.19z"></path><path fill="#781d7e" d="M168.554 17.042c0.195-0.087 0.716-0.282 0.868-0.347 0.13-0.043 0.564-0.174 1.129-0.174 2.106 0 3.343 1.476 3.343 3.625 0 2.366-1.433 3.929-3.495 3.929-0.868 0-1.411-0.282-1.802-0.478v3.343h-1.715v-10.247h1.715v1.216c0 0-0.239-0.782-0.043-0.868zM168.597 22.339c0.174 0.109 0.651 0.434 1.411 0.434 1.389 0 2.084-1.151 2.084-2.562 0-0.738-0.195-1.324-0.499-1.693-0.282-0.347-0.782-0.716-1.585-0.716-0.499 0-0.977 0.13-1.411 0.347v4.19z"></path><path fill="#781d7e" d="M213.645 16.217c0.586 0 1.107 0.412 1.107 1.085 0 0.651-0.521 1.085-1.107 1.085s-1.107-0.434-1.107-1.085 0.521-1.085 1.107-1.085zM213.645 18.149c0.456 0 0.803-0.347 0.803-0.847s-0.369-0.847-0.803-0.847c-0.456 0-0.825 0.347-0.825 0.847s0.369 0.847 0.825 0.847zM213.21 16.695h0.456c0.304 0 0.478 0.087 0.478 0.347 0 0.217-0.13 0.304-0.326 0.326l0.326 0.521h-0.261l-0.304-0.521h-0.152v0.521h-0.239l0.022-1.194zM213.449 17.194h0.217c0.13 0 0.239-0.022 0.239-0.174 0-0.13-0.13-0.152-0.239-0.152h-0.195l-0.022 0.326z"></path><path fill="#fdb913" d="M121.357 22.079c-0.022-0.065-0.043-0.13-0.043-0.217 0-0.282 0.239-0.521 0.521-0.521v0h20.081c0.282 0 0.521 0.239 0.521 0.521 0 0.065-0.022 0.152-0.043 0.217v0c-1.889 3.908-5.905 6.6-10.529 6.6-4.602 0-8.619-2.692-10.507-6.6v0z"></path><path fill="#ee3124" d="M123.745 8.64c0.022-0.043 0.043-0.087 0.087-0.13 0.152-0.152 0.412-0.152 0.564 0v0l10.681 10.681c0.152 0.152 0.152 0.412 0 0.564-0.043 0.043-0.087 0.065-0.13 0.087v0c-3.083 1.064-6.643 0.369-9.118-2.084-2.453-2.475-3.148-6.035-2.084-9.118v0z"></path><path fill="#781d7e" d="M134.773 5.731c0.043-0.022 0.087-0.022 0.13-0.022 0.174 0 0.304 0.13 0.304 0.304v0 11.267c0 0.174-0.13 0.304-0.304 0.304-0.043 0-0.087 0-0.13-0.022v0c-2.193-1.064-3.712-3.3-3.712-5.905 0.022-2.627 1.52-4.863 3.712-5.927v0z"></path><path fill="#8dc63f" d="M142.393 12.005c0.022 0 0.043 0.022 0.087 0.043 0.087 0.087 0.087 0.239 0 0.326v0l-6.057 6.057c-0.087 0.087-0.239 0.087-0.326 0-0.022-0.022-0.043-0.043-0.043-0.087v0c-0.608-1.737-0.217-3.756 1.172-5.145 1.411-1.411 3.43-1.802 5.167-1.194v0z"></path><path fill="#333" d="M109.829 16.868h1.085v2.41h0.022c0.195-0.478 0.651-0.782 1.237-0.782 0.825 0 1.672 0.369 1.672 2.779 0 1.867-0.499 2.931-1.78 2.931-0.782 0-1.042-0.456-1.194-0.803h-0.022v0.673h-1.020v-7.208zM111.783 23.338c0.76 0 0.912-0.782 0.912-1.997 0-1.455-0.217-1.976-0.847-1.976-0.847 0-0.999 0.738-0.999 2.041 0.022 1.172 0.174 1.932 0.933 1.932z"></path><path fill="#333" d="M115.3 18.649l0.933 4.081h0.022l0.868-4.081h1.151l-1.498 5.623c-0.434 1.476-0.782 1.672-1.889 1.65-0.152 0-0.282-0.022-0.434-0.043v-0.868c0.13 0.022 0.239 0.043 0.347 0.043 0.369 0 0.608-0.087 0.738-0.434l0.152-0.434-1.541-5.558 1.151 0.022z"></path><path fill="#333" d="M9.357 2.583c-1.91 0-3.322 0.109-4.277 0.109h-0.803c-2.041 0-3.148-0.109-3.343-0.109-0.543 0-0.825 0.174-0.825 0.478 0 0.63 0.695 0.412 1.802 0.63 0.933 0.174 1.042 0.478 1.042 1.585v15.588c0 1.65 0 2.149-1.281 2.388-0.89 0.174-1.65-0.065-1.65 0.586 0 0.347 0.304 0.543 0.89 0.543s1.932-0.239 3.929-0.239c2.171 0 3.517 0.239 4.081 0.239 0.586 0 0.89-0.217 0.89-0.543 0-0.651-0.76-0.412-1.628-0.586-1.324-0.282-1.324-0.76-1.324-2.431v-5.167c0-0.456 0.109-0.738 0.412-0.695 0.239 0.022 1.433 0.825 3.973 0.412 3.039-0.499 5.645-2.996 5.645-6.404 0-4.168-2.54-6.383-7.533-6.383v0zM9.118 14.155c-1.281 0-2.258-0.391-2.258-1.303v-7.577c0-1.324 0.304-1.693 1.997-1.693 2.149 0 3.929 2.171 3.929 5.189 0.043 2.801-1.52 5.384-3.669 5.384v0z"></path><path fill="#333" d="M21.427 15.501h9.227c1.042 0 1.455-0.13 1.455-0.76 0-2.822-2.388-6.209-6.643-6.209-4.971 0-8.358 3.322-8.358 8.271 0 4.971 3.104 8.25 7.881 8.25 2.497 0 4.364-0.803 5.905-2.171 0.76-0.651 1.107-1.216 1.107-1.563 0-0.282-0.109-0.391-0.347-0.391-0.282 0-1.737 2.019-4.95 2.019-3.669 0-5.775-3.061-5.775-6.6v-0.282c0.022-0.499 0.087-0.564 0.499-0.564v0zM21.254 14.046l0.087-0.564c0.456-1.824 0.999-3.973 4.168-3.973 2.497 0 2.801 1.889 2.801 3.126 0 1.954-0.999 1.802-3.734 1.802h-2.801c-0.347 0-0.521-0.109-0.521-0.282v-0.109z"></path><path fill="#363636" d="M49.194 22.535c0-0.304-0.174-0.521-0.478-0.521-0.521 0-1.042 0.76-1.693 0.76-0.868 0-1.064-0.803-1.064-2.279v-8.011c0-2.866-0.695-3.973-4.19-3.973-4.624 0-7.859 2.757-7.859 4.841 0 0.347 0.347 0.63 0.825 0.63 1.693 0 2.236-0.868 2.931-2.106 0.803-1.455 1.52-2.28 3.018-2.28 1.411 0 1.737 0.803 1.737 2.757v1.498c0 0.478-0.043 0.651-0.478 0.825l-1.107 0.456c-4.429 1.737-6.839 3.256-6.839 6.144 0 1.693 0.847 3.734 3.039 3.734 1.563 0 2.822-0.803 4.32-1.802l0.934-0.63h0.239c0.63 1.52 1.672 2.431 2.953 2.431 1.672-0.022 3.712-1.824 3.712-2.475v0zM42.464 19.734c0 1.715-1.52 3.039-3.018 3.039-1.628 0-1.976-1.281-1.976-2.735 0-1.498 1.216-3.061 2.866-3.712l1.455-0.564c0.195-0.109 0.391-0.13 0.456-0.13 0.109 0 0.217 0.13 0.217 0.412v3.691z"></path><path fill="#333" d="M60.331 8.532c-1.867 0-3.343 0.63-4.841 1.976l-0.456 0.412c-0.13 0.13-0.239 0.174-0.304 0.174-0.109 0-0.174-0.065-0.174-0.239v-1.693c0-0.478-0.13-0.716-0.434-0.716-0.391 0-1.172 0.977-3.039 1.91-1.151 0.586-1.976 0.63-1.976 1.172s0.695 0.347 1.216 0.564c0.543 0.239 0.695 0.63 0.695 1.563v15.631c0 0.933-0.174 1.237-0.912 1.476-0.934 0.304-1.628 0-1.628 0.76 0 0.304 0.239 0.521 0.716 0.521 0.586 0 1.824-0.239 3.604-0.239 1.476 0 2.801 0.239 3.908 0.239 0.586 0 0.868-0.239 0.868-0.521 0-0.76-0.803-0.456-1.932-0.76-0.868-0.239-1.042-0.521-1.042-1.476v-4.906l0.239-0.109c1.172 0.521 2.388 0.782 3.734 0.782 5.21 0 8.814-3.669 8.814-8.662-0.022-4.646-3.083-7.859-7.056-7.859v0zM58.073 23.989c-2.258 0-3.495-1.107-3.495-3.256v-6.426c0-2.323 1.107-3.43 3.495-3.43 3.387 0 5.688 2.497 5.688 6.469 0.022 3.908-2.301 6.643-5.688 6.643z"></path><path fill="#333" d="M105.531 21.97c-0.239 0-0.695 0.651-1.303 0.651-0.347 0-0.543-0.456-0.543-1.389v-17.845c0-0.89 0.13-1.693 0.13-2.345 0-0.456-0.13-0.651-0.521-0.651-0.282 0-1.216 0.695-3.148 1.237-1.216 0.347-1.976 0.391-1.976 0.89 0 0.347 0.586 0.304 1.281 0.63 0.586 0.282 0.651 0.478 0.651 1.346v4.081c0 0.347-0.152 0.521-0.326 0.521h-0.109l-0.543-0.174c-0.651-0.195-1.693-0.391-2.909-0.391-5.015 0-8.814 3.669-8.814 8.51 0 4.689 3.387 7.989 7.924 7.989 2.909 0 4.45-1.563 4.689-1.563 0.347 0 0.412 1.498 1.042 1.498 0.347 0 1.563-0.716 3.777-1.346 0.651-0.174 1.064-0.239 1.064-1.042 0.022-0.369-0.195-0.608-0.369-0.608v0zM100.19 20.016c0 2.41-0.174 3.408-2.692 3.408-3.799 0-6.122-2.453-6.122-6.491 0-4.45 2.41-7.403 5.427-7.403 2.974 0 3.387 1.693 3.387 5.189v5.297z"></path><path fill="#5ea000" d="M86.1 16.478c0 4.82-3.908 8.706-8.706 8.706s-8.706-3.908-8.706-8.706c0-4.798 3.886-8.706 8.706-8.706s8.706 3.886 8.706 8.706z"></path><path fill="#333" d="M108.027 3.995c-1.107 0-1.997-0.89-1.997-1.997s0.89-1.997 1.997-1.997c1.107 0 1.997 0.89 1.997 1.997s-0.89 1.997-1.997 1.997zM108.027 0.304c-0.955 0-1.693 0.76-1.693 1.693s0.76 1.693 1.693 1.693c0.933 0 1.693-0.76 1.693-1.693 0-0.955-0.76-1.693-1.693-1.693zM108.57 3.148l-0.586-0.912h-0.391v0.912h-0.326v-2.301h0.933c0.391 0 0.738 0.282 0.738 0.695 0 0.499-0.456 0.673-0.586 0.673l0.608 0.912h-0.391zM108.201 1.129h-0.608v0.825h0.608c0.195 0 0.412-0.152 0.412-0.391 0-0.26-0.217-0.434-0.412-0.434z"></path></g></g></svg></div></div></a><!----><div class="global-header_dropdown-container spyglass-nav-group_wrapper"><ul aria-label="main" class="global-header_list visible-above-1200"><li class="nav-item global-header_nav-item"><button id="nav-browse-aisles" aria-haspopup="true" class="nav-item_button" aria-expanded="true">
  Browse Aisles
  <!----><div class="nav-item_caret" style=""><div class="vector-icon-size--medium"><svg xmlns="http://www.w3.org/2000/svg" aria-label="down arrow" viewBox="0 0 32 32" role="presentation" aria-hidden="true" focusable="false" class=""><title lang="en">
      down arrow
    </title><desc></desc><g fill="" stroke="#567A1F"><polyline fill="none" stroke-width="2" stroke-linecap="square" transform="translate(16.485250, 16.242750) rotate(-270.000000) translate(-16.485250, -16.242750) " points="12.2425 7.7575 20.728 16.2425 12.2425 24.728"></polyline></g></svg></div></div><div class="nav-item_caret" style="display: none;"><div class="vector-icon-size--medium"><svg xmlns="http://www.w3.org/2000/svg" aria-label="down up" viewBox="0 0 32 32" role="presentation" aria-hidden="true" focusable="false" class=""><title lang="en">
      down up
    </title><desc></desc><g fill="" stroke="#567A1F"><polyline fill="none" stroke-width="2" stroke-linecap="square" transform="translate(16.485250, 16.242750) rotate(-90.000000) translate(-16.485250, -16.242750) " points="12.2425 7.7575 20.728 16.2425 12.2425 24.728"></polyline></g></svg></div></div></button></li><li class="nav-item global-header_nav-item"><a id="nav-my-shop" href="https://www.peapod.com/#" class="nav-item_link">
  My Shop
  <!----><!----><!----></a></li></ul><!----><div style="display: none;"><div class="spyglass_container spyglass_container--nav-group-type" style="position: fixed; display: none;"><h3>Container/Scheduler</h3><ul><li><span class="spyglass_label">Scheduled Id</span>:
  <a href="http://jiracore.peapod.com/browse/CS-70274" target="_blank" class="spyglass_jira-id-link">
    CS-70274
  </a><!----><!----></li><li><span class="spyglass_label">Container Id</span>:
  <a href="http://jiracore.peapod.com/browse/CS-70271" target="_blank" class="spyglass_jira-id-link">
    CS-70271
  </a><!----><!----></li><li><span class="spyglass_label">Start Date</span>:
  <!----><!----><span>2019-06-10</span></li><li><span class="spyglass_label">End Date</span>:
  <!----><!----><span>2029-06-11</span></li><li><span class="spyglass_label">Module Type</span>:
  <!----><!----><span>Content: Nav Group</span></li><li><span class="spyglass_label">Site Location</span>:
  <!----><!----><span>header_mainnav</span></li><li><span class="spyglass_label">Customer Status</span>:
  <!----><!----><span>New Customer,Existing Customer</span></li><li><span class="spyglass_label">Customer Type</span>:
  <!----><!----><span>Consumer,Merchant</span></li></ul><!----></div><div class="spyglass-toggle-tab">
  OPEN INFO
</div></div></div><div class="global-header_resizable-section"><div class="global-header_search"><div class="typeahead-container"><div class="typeahead-container_input"><div class="typeahead-container_input-field"><div class="vector-icon-size--small typeahead-container_input-search-icon"><svg xmlns="http://www.w3.org/2000/svg" aria-label="Search" viewBox="0 0 28 28" role="presentation" aria-hidden="true" focusable="false" class=""><title lang="en">
      Search
    </title><desc></desc><g fill="" stroke=""><g><circle fill="none" cx="13.88" cy="13.66" r="9.28"></circle><line x1="25.85" y1="25.63" x2="20.77" y2="20.54"></line></g></g></svg></div><input id="typeahead-search-input" type="text" placeholder="Search" autocomplete="off"><label for="typeahead-search-input" aria-hidden="true" class="element-invisible">
        Search by 
      </label><!----><!----><!----><!----></div><!----></div></div></div></div><div class="global-header_account-container spyglass-nav-group_wrapper"><button id="header-account-button" aria-haspopup="true" class="account-button visible-above-1200"><div class="account-button_image"><div class=""><svg xmlns="http://www.w3.org/2000/svg" aria-label="My Account Icon" viewBox="0 0 20.7 22.1" role="presentation" aria-hidden="true" focusable="false" class=""><title lang="en">
      My Account Icon
    </title><desc></desc><g fill="" stroke=""><g><path d="M25.1,25.6H4.4l0.1-1.1C4.9,19.2,9.4,15,14.8,15s9.9,4.2,10.3,9.6L25.1,25.6z M6.6,23.6h16.3
    c-0.8-3.8-4.2-6.7-8.1-6.7S7.4,19.8,6.6,23.6z M14.8,14.5c-3,0-5.5-2.5-5.5-5.5s2.5-5.5,5.5-5.5c3,0,5.5,2.5,5.5,5.5
    S17.8,14.5,14.8,14.5z M14.8,5.5c-1.9,0-3.5,1.6-3.5,3.5s1.6,3.5,3.5,3.5c1.9,0,3.5-1.6,3.5-3.5S16.7,5.5,14.8,5.5z" fill="#9B9B9B" transform="translate(-4.5, -3.5)"></path></g></g></svg></div></div>
  Guest
</button><!----><div style="display: none;"><div class="spyglass_container spyglass_container--nav-group-type" style="position: fixed; display: none;"><h3>Container/Scheduler</h3><ul><li><span class="spyglass_label">Scheduled Id</span>:
  <a href="http://jiracore.peapod.com/browse/CS-70295" target="_blank" class="spyglass_jira-id-link">
    CS-70295
  </a><!----><!----></li><li><span class="spyglass_label">Container Id</span>:
  <a href="http://jiracore.peapod.com/browse/CS-70289" target="_blank" class="spyglass_jira-id-link">
    CS-70289
  </a><!----><!----></li><li><span class="spyglass_label">Start Date</span>:
  <!----><!----><span>2019-06-10</span></li><li><span class="spyglass_label">End Date</span>:
  <!----><!----><span>2029-06-11</span></li><li><span class="spyglass_label">Module Type</span>:
  <!----><!----><span>Content: Nav Group</span></li><li><span class="spyglass_label">Site Location</span>:
  <!----><!----><span>header_guestnav</span></li><li><span class="spyglass_label">Customer Status</span>:
  <!----><!----><span>New Customer,Existing Customer</span></li><li><span class="spyglass_label">Customer Type</span>:
  <!----><!----><span>Consumer,Merchant</span></li></ul><!----></div><div class="spyglass-toggle-tab">
  OPEN INFO
</div></div></div><button type="button" class="global-header_cart-button-container btn btn--primary btn--small btn--block"><div class="cart-button-content"><div class="cart-button-content_text">
      $0.00
    </div><div class="cart-button-content_icon"><svg xmlns="http://www.w3.org/2000/svg" aria-label="cart" viewBox="0 0 36.58 32" role="presentation" aria-hidden="true" focusable="false" class=""><title lang="en">
      cart
    </title><desc></desc><g fill="white" stroke=""><g><path d="M6.92,29.71a2.29,2.29,0,1,0,2.29-2.29A2.29,2.29,0,0,0,6.92,29.71Zm20.57,0a2.29,2.29,0,1,0,2.29-2.29A2.29,2.29,0,0,0,27.5,29.71ZM0,1.14A1.14,1.14,0,0,0,1.14,2.29H3.52L4.94,8.36l2,9.93a2.11,2.11,0,0,0,.05.24L5.81,23.75a1.1,1.1,0,0,0,0,.25,1.14,1.14,0,0,0,1.14,1.14H32.85a1.14,1.14,0,1,0,0-2.29H8.35l.52-2.35.33.07H30l.35,0a2.37,2.37,0,0,0,2.28-1.72l3.72-11.4a2,2,0,0,0,.2-.88,2,2,0,0,0-2-2H6.92a2.18,2.18,0,0,0-.52.11L5.53.88A1.15,1.15,0,0,0,4.42,0H1.14A1.14,1.14,0,0,0,0,1.14ZM7,6.86H34.18l-3.65,11.2a2,2,0,0,1-.11.23H9.21v-.23l0-.22Z" transform="translate(0 0)"></path></g></g></svg></div></div></button></nav></header><!----></div></global-header><!----><div class="flex-content_row" aria-hidden=""><suppressable-header suppression-enabled="isDesktop() &amp;&amp; ! isJSContextEnabled() &amp;&amp; header.suppressionEnabled" class=""><div class="suppressable_header-container" style=""><div class="suppressable_header" ng-transclude="" style=""><!----><div class="animatable-view-animation" modal-input-manager="" aria-hidden=""><!----><site-subheader-content class="" style=""><div ng-controller="ProductViewSubheaderController"><header-pane type="&#39;subheader&#39;" size="getDynamicHeaderHeight()" layout="isMobile() ? &#39;relative-table&#39; : &#39;primary&#39;" site="false"><!----><div ng-if="!headerPaneCtrl.isSiteHeader()" class="header-pane_wrapper header-theme--subheader header-layout--primary header-size--tall" ng-class="[ &#39;header-theme--&#39; + headerPaneCtrl.type, &#39;header-layout--&#39; + headerPaneCtrl.layout, &#39;header-size--&#39; + headerPaneCtrl.size ]" style=""><div class="header-pane_content" ng-transclude=""><header-section position="left" class="header-pane_section-wrapper"><div class="header-pane_section header-pane_section--left" ng-class="[&#39;header-pane_section--&#39; + headerSectionCtrl.position, headerSectionCtrl.headerPaneCtrl.sectionCount() === 1 ? &#39;header-pane_section--full-width&#39; : &#39;&#39;, headerSectionCtrl.isPickup ? &#39;header-pane_section--pickup&#39; : &#39;&#39;]" ng-transclude=""><header-module><div class="header-section_module header-section_module--tall" ng-class="[ &#39;header-section_module--&#39; + headerModuleCtrl.headerPaneCtrl.size, headerModuleCtrl.centerContent ? &#39;header-section_module--centered&#39; : &#39;&#39;, headerModuleCtrl.clipToParent ? &#39;header-section_module--clip-to-parent&#39; : &#39;&#39; ]" ng-transclude=""><!----><button ng-if="!isExpressShop" js-context-back-handler="" class="header-content_button button button--darker-grey button-width--flex" ng-click="back()" aria-label="Go Back" tabindex="0"><div class="vector-icon_outer-wrapper" svg-id="arrow_carrot-left" svg-class="vector-icon-color--white" container-class="vector-icon-size--small" svg-title="Arrow Left" svg-description="Arrow Left" svg-role="presentation" svg-aria-hidden="true"><div class="vector-icon_container vector-icon-size--small"><svg version="1.1" x="0px" y="0px" focusable="false" viewBox="0 0 580 1024" class="vector-icon-color--white" role="presentation" aria-hidden="true"><title>Arrow Left</title><desc>Arrow Left</desc><path d="M19.964 560.51l443.458 443.458c26.665 26.665 70.012 26.665 96.677 0s26.665-70.012 0-96.677l-395.324-395.324 395.324-395.324c26.665-26.665 26.665-70.012 0-96.677s-70.012-26.665-96.677 0l-443.458 443.526c-13.401 13.332-19.964 30.904-19.964 48.475s6.564 35.143 19.964 48.544z" class="path1"></path></svg></div></div></button><!----> <!----></div></header-module><!----><header-module ng-if="model.isInStorePurcLoading !== true &amp;&amp; model.asyncSetupLoading !== true &amp;&amp; (isFullTablet() || isDesktop()) &amp;&amp; model.showViewSwitcher"><div class="header-section_module header-section_module--tall" ng-class="[ &#39;header-section_module--&#39; + headerModuleCtrl.headerPaneCtrl.size, headerModuleCtrl.centerContent ? &#39;header-section_module--centered&#39; : &#39;&#39;, headerModuleCtrl.clipToParent ? &#39;header-section_module--clip-to-parent&#39; : &#39;&#39; ]" ng-transclude=""><div class="product-view-switcher_container" role="listbox" aria-label="Product view type" tabindex="0" aria-activedescendant="product-view-switcher-grid"><button class="button product-view-switcher_button product-view-switcher_button--left" id="product-view-switcher-grid" role="option" ng-class="{&#39;product-view-switcher_button--active&#39; : model.viewType === &#39;list&#39;}" ng-disabled="model.viewType === &#39;list&#39;" aria-disabled="false" ng-click="model.toggleViewType()" aria-label="View as list" aria-selected="false" tabindex="0"><div class="vector-icon_no-events vector-icon_outer-wrapper" svg-id="icon_ul" svg-class="vector-icon-color--white" container-class="vector-icon-size--small" svg-title="List Icon" svg-description="List Icon" svg-role="presentation" svg-aria-hidden="true"><div class="vector-icon_container vector-icon-size--small"><svg version="1.1" x="0px" y="0px" focusable="false" viewBox="0 0 1365 1024" class="vector-icon-color--white" role="presentation" aria-hidden="true"><title>List Icon</title><desc>List Icon</desc><path d="M398.222 568.889h910.222c34.133 0 56.889-22.756 56.889-56.889s-22.756-56.889-56.889-56.889h-910.222c-34.133 0-56.889 22.756-56.889 56.889s22.756 56.889 56.889 56.889zM398.222 113.778h910.222c34.133 0 56.889-22.756 56.889-56.889s-22.756-56.889-56.889-56.889h-910.222c-34.133 0-56.889 22.756-56.889 56.889s22.756 56.889 56.889 56.889zM398.222 1024h910.222c34.133 0 56.889-22.756 56.889-56.889s-22.756-56.889-56.889-56.889h-910.222c-34.133 0-56.889 22.756-56.889 56.889s22.756 56.889 56.889 56.889zM0 56.889c0 34.133 22.756 56.889 56.889 56.889s56.889-22.756 56.889-56.889-22.756-56.889-56.889-56.889-56.889 22.756-56.889 56.889zM0 512c0 34.133 22.756 56.889 56.889 56.889s56.889-22.756 56.889-56.889-22.756-56.889-56.889-56.889-56.889 22.756-56.889 56.889zM0 967.111c0 34.133 22.756 56.889 56.889 56.889s56.889-22.756 56.889-56.889-22.756-56.889-56.889-56.889-56.889 22.756-56.889 56.889z" class="path1"></path></svg></div></div></button> <button class="button product-view-switcher_button product-view-switcher_button--right product-view-switcher_button--active" id="product-view-switcher-list" role="option" ng-class="{&#39;product-view-switcher_button--active&#39; : model.viewType == &#39;grid&#39;}" ng-disabled="model.viewType === &#39;grid&#39;" aria-disabled="true" ng-click="model.toggleViewType()" aria-label="View as grid" aria-selected="true" tabindex="0" disabled="disabled"><div class="vector-icon_no-events vector-icon_outer-wrapper" svg-id="icon_grid-2x2" svg-class="vector-icon-color--white" container-class="vector-icon-size--small" svg-title="List Icon" svg-description="List Icon" svg-role="presentation" svg-aria-hidden="true"><div class="vector-icon_container vector-icon-size--small"><svg version="1.1" x="0px" y="0px" focusable="false" viewBox="0 0 1024 1024" class="vector-icon-color--white" role="presentation" aria-hidden="true"><title>List Icon</title><desc>List Icon</desc><path d="M85.333 426.667h256c47.128 0 85.333-38.205 85.333-85.333v-256c0-47.128-38.205-85.333-85.333-85.333h-256c-47.128 0-85.333 38.205-85.333 85.333v256c0 47.128 38.205 85.333 85.333 85.333zM682.667 426.667h256c47.128 0 85.333-38.205 85.333-85.333v-256c0-47.128-38.205-85.333-85.333-85.333h-256c-47.128 0-85.333 38.205-85.333 85.333v256c0 47.128 38.205 85.333 85.333 85.333zM0 938.667c0 47.128 38.205 85.333 85.333 85.333h256c47.128 0 85.333-38.205 85.333-85.333v-256c0-47.128-38.205-85.333-85.333-85.333h-256c-47.128 0-85.333 38.205-85.333 85.333v256zM597.333 938.667c0 47.128 38.205 85.333 85.333 85.333h256c47.128 0 85.333-38.205 85.333-85.333v-256c0-47.128-38.205-85.333-85.333-85.333h-256c-47.128 0-85.333 38.205-85.333 85.333v256z" class="path1"></path></svg></div></div></button></div></div></header-module><!----></div></header-section><!----><header-section position="center" ng-if="!(model.isEciGroup || model.isProdGroup || model.isStoreOffer)" class="header-pane_section-wrapper"><div class="header-pane_section header-pane_section--center" ng-class="[&#39;header-pane_section--&#39; + headerSectionCtrl.position, headerSectionCtrl.headerPaneCtrl.sectionCount() === 1 ? &#39;header-pane_section--full-width&#39; : &#39;&#39;, headerSectionCtrl.isPickup ? &#39;header-pane_section--pickup&#39; : &#39;&#39;]" ng-transclude=""><!----><!----><header-module ng-if="isNotMobile()" center="true"><div class="header-section_module header-section_module--tall header-section_module--centered" ng-class="[ &#39;header-section_module--&#39; + headerModuleCtrl.headerPaneCtrl.size, headerModuleCtrl.centerContent ? &#39;header-section_module--centered&#39; : &#39;&#39;, headerModuleCtrl.clipToParent ? &#39;header-section_module--clip-to-parent&#39; : &#39;&#39; ]" ng-transclude=""><div class="header-content_text--vert-middle"><!----><h1 route-focus-default="" aria-live="polite" aria-label="Content Update" class="header-content_title--tall header-content_text--white header-content_text--truncate" ng-bind="model.headerText[screenType]" ng-if="model.headerText[screenType]" id="aria_header-content-title" tabindex="-1">Packaged Produce &amp; Salads</h1><!----></div></div></header-module><!----></div></header-section><!----><!----><header-section position="right" ng-if="isNotMobile() &amp;&amp; model.isInStorePurcLoading !== true &amp;&amp; model.asyncSetupLoading !== true" class="header-pane_section-wrapper"><div class="header-pane_section header-pane_section--right" ng-class="[&#39;header-pane_section--&#39; + headerSectionCtrl.position, headerSectionCtrl.headerPaneCtrl.sectionCount() === 1 ? &#39;header-pane_section--full-width&#39; : &#39;&#39;, headerSectionCtrl.isPickup ? &#39;header-pane_section--pickup&#39; : &#39;&#39;]" ng-transclude=""><!----></div></header-section><!----></div></div><!----><!----></header-pane></div></site-subheader-content><!-- end SiteSubheaderController--></div></div></div></suppressable-header></div><main class="flex-content_row--expanded" aria-hidden="" role="main" id="old-browser-wrapper"><!----><div ng-view="" view-animations="" modal-input-manager="" class="container--reset-z-position container--clip-additional-height  animatable-view-animation view-animator" id="main-content" tabindex="-1" style=""><div class="container--full-height" ng-switch="" on="screenType" tabindex="-1"><!----><div ng-switch-default="" class="container--full-height"><div class="flex-content_container container--full-height"><!----><div class="flex-content_row--expanded container--full-height"><!----><ng-switch on="!! config.sidebarTemplate[screenType]" ng-if="config.isFullWidth != true"><!----><div ng-switch-when="true"><!----><ng-include src="config.sidebarTemplate[screenType]"><div class="flex-menu_wrapper flex-menu"><ul class="flex-content_container container--full-height container--full-width list--border-right flex-menu_loading-spinner" role="list"><!----><li ng-repeat="productGroup in productData.ancestorProductGroups" ng-switch="isItemClickable(productGroup)" ng-class="{ &#39;flex-content_row--expanded full-height&#39; : $last }" role="listitem"><div ng-class="$last ? &#39;container--absolutely-fill&#39; : &#39;&#39;"><div ng-class="{ &#39;flex-content_container container--full-height container--full-width&#39; : $last, &#39;no-animation&#39;: productData.isProductGroupSelected || $first || infiniteScrollActive }" class="no-animation"><div class="item-container_ancestor"><!----><!----><div ng-switch-when="true" ng-click="selectGroup(productGroup)" loading="true" foreground-color="third-text" background-color="lightest-grey"><a class="flex-menu_link" href="https://www.peapod.com/" aria-expanded="false" role="button"><div class="flex-menu_link-content"><span ng-class="{ &#39;selected&#39;: loading }">All Aisles</span> <!----><span ng-if="!loading" class="vector-icon_list-arrow-wrapper" aria-hidden="true"><div class="vector-icon_outer-wrapper" svg-id="arrow_carrot-down" svg-class="vector-icon-color--accordion-arrow" container-class="vector-icon-size--xsmall" svg-title="" svg-description="" svg-role="presentation" svg-aria-hidden="true"><div class="vector-icon_container vector-icon-size--xsmall"><svg version="1.1" x="0px" y="0px" focusable="false" viewBox="0 0 1807 1024" class="vector-icon-color--accordion-arrow" role="presentation" aria-hidden="true"><title></title><desc></desc><path d="M1601.471 35.36l-697.792 697.792-697.792-697.792c-47.067-47.067-123.58-47.067-170.647 0s-47.067 123.58 0 170.647l782.754 782.754c23.654 23.654 54.79 35.481 85.685 35.24 31.136 0 62.031-11.586 85.685-35.24l782.754-782.754c47.067-47.067 47.067-123.58 0-170.647-47.067-47.187-123.459-47.187-170.647 0z" class="path1"></path></svg></div></div></span><!----></div></a></div><!----></div><!----></div></div></li><!----><li ng-repeat="productGroup in productData.ancestorProductGroups" ng-switch="isItemClickable(productGroup)" ng-class="{ &#39;flex-content_row--expanded full-height&#39; : $last }" role="listitem"><div ng-class="$last ? &#39;container--absolutely-fill&#39; : &#39;&#39;"><div ng-class="{ &#39;flex-content_container container--full-height container--full-width&#39; : $last, &#39;no-animation&#39;: productData.isProductGroupSelected || $first || infiniteScrollActive }"><div class="item-container_ancestor"><!----><!----><div ng-switch-when="true" ng-click="selectGroup(productGroup)" loading="true" foreground-color="third-text" background-color="lightest-grey"><a class="flex-menu_link" href="https://www.peapod.com/" aria-expanded="false" role="button"><div class="flex-menu_link-content"><span ng-class="{ &#39;selected&#39;: loading }">Produce</span> <!----><span ng-if="!loading" class="vector-icon_list-arrow-wrapper" aria-hidden="true"><div class="vector-icon_outer-wrapper" svg-id="arrow_carrot-down" svg-class="vector-icon-color--accordion-arrow" container-class="vector-icon-size--xsmall" svg-title="" svg-description="" svg-role="presentation" svg-aria-hidden="true"><div class="vector-icon_container vector-icon-size--xsmall"><svg version="1.1" x="0px" y="0px" focusable="false" viewBox="0 0 1807 1024" class="vector-icon-color--accordion-arrow" role="presentation" aria-hidden="true"><title></title><desc></desc><path d="M1601.471 35.36l-697.792 697.792-697.792-697.792c-47.067-47.067-123.58-47.067-170.647 0s-47.067 123.58 0 170.647l782.754 782.754c23.654 23.654 54.79 35.481 85.685 35.24 31.136 0 62.031-11.586 85.685-35.24l782.754-782.754c47.067-47.067 47.067-123.58 0-170.647-47.067-47.187-123.459-47.187-170.647 0z" class="path1"></path></svg></div></div></span><!----></div></a></div><!----></div><!----></div></div></li><!----><li ng-repeat="productGroup in productData.ancestorProductGroups" ng-switch="isItemClickable(productGroup)" ng-class="{ &#39;flex-content_row--expanded full-height&#39; : $last }" role="listitem" class="flex-content_row--expanded full-height"><div ng-class="$last ? &#39;container--absolutely-fill&#39; : &#39;&#39;" class="container--absolutely-fill"><div ng-class="{ &#39;flex-content_container container--full-height container--full-width&#39; : $last, &#39;no-animation&#39;: productData.isProductGroupSelected || $first || infiniteScrollActive }" class="flex-content_container container--full-height container--full-width"><div class="item-container_ancestor"><!----><div ng-switch-default=""><a class="flex-menu_link" href="https://www.peapod.com/" aria-expanded="true" role="button"><div class="flex-menu_link-content"><!----><span ng-if="productData.category.categoryName === productData.selectedProductGroup.categoryName" class="element-invisible">Selected</span><!----> Packaged Produce &amp; Salads <span class="vector-icon_list-arrow-wrapper" aria-hidden="true"><div class="vector-icon_outer-wrapper" svg-id="arrow_carrot-up" svg-class="vector-icon-color--accordion-arrow" container-class="vector-icon-size--xsmall" svg-title="" svg-description="" svg-role="presentation" svg-aria-hidden="true"><div class="vector-icon_container vector-icon-size--xsmall"><svg version="1.1" x="0px" y="0px" focusable="false" viewBox="0 0 1808 1024" class="vector-icon-color--accordion-arrow" role="presentation" aria-hidden="true"><title></title><desc></desc><path d="M206.031 988.756l697.875-697.875 697.875 697.875c47.072 47.072 123.595 47.072 170.667 0s47.072-123.595 0-170.667l-782.967-782.846c-23.536-23.657-54.435-35.244-85.575-35.244s-62.039 11.587-85.695 35.244l-782.846 782.846c-47.072 47.072-47.072 123.595 0 170.667s123.595 47.072 170.667 0z" class="path1"></path></svg></div></div></span></div></a></div><!----><!----></div><!----><div ng-if="$last" class="flex-content_row flex-content_row--expanded full-height"><div class="container--absolutely-fill"><div class="scrollable"><div class="scrollable-content"><ul ppd-remember-scroll-position-for-route="" collection-model="productData.productGroups" ng-class="{ &#39;no-animation&#39;: productData.isProductGroupSelected }" class="" role="list"><!----><!----><li ng-repeat="productGroup in productData.productGroups" ng-switch="productGroup[productData.productGroupId] == productData.selectedProductGroup[productData.productGroupId]" aria-label="Packaged Fruit" role="listitem"><div ng-class="{ &#39;item-container_child--with-image&#39; : productData.ancestorProductGroups.length === 1, &#39;item-container_child--last&#39; : $last }" class="item-container_child"><!----><a ng-switch-default="" ng-click="selectGroup(productGroup)" class="flex-menu_link" loading="true" foreground-color="third-text" background-color="white" href="https://www.peapod.com/" role="button" tabindex="0"><div class="flex-menu_link-content"><!----><div ng-class="{&#39;flex-menu_text--with-image&#39; : productData.ancestorProductGroups.length === 1, &#39;selected&#39; : loading }" class="category-text flex-menu_text">Packaged Fruit</div></div></a><!----> <!----></div></li><!----><li ng-repeat="productGroup in productData.productGroups" ng-switch="productGroup[productData.productGroupId] == productData.selectedProductGroup[productData.productGroupId]" aria-label="Packaged Salads" role="listitem"><div ng-class="{ &#39;item-container_child--with-image&#39; : productData.ancestorProductGroups.length === 1, &#39;item-container_child--last&#39; : $last }" class="item-container_child"><!----><a ng-switch-default="" ng-click="selectGroup(productGroup)" class="flex-menu_link" loading="true" foreground-color="third-text" background-color="white" href="https://www.peapod.com/" role="button" tabindex="0"><div class="flex-menu_link-content"><!----><div ng-class="{&#39;flex-menu_text--with-image&#39; : productData.ancestorProductGroups.length === 1, &#39;selected&#39; : loading }" class="category-text flex-menu_text">Packaged Salads</div></div></a><!----> <!----></div></li><!----><li ng-repeat="productGroup in productData.productGroups" ng-switch="productGroup[productData.productGroupId] == productData.selectedProductGroup[productData.productGroupId]" aria-label="Packaged Vegetables" role="listitem"><div ng-class="{ &#39;item-container_child--with-image&#39; : productData.ancestorProductGroups.length === 1, &#39;item-container_child--last&#39; : $last }" class="item-container_child"><!----><a ng-switch-default="" ng-click="selectGroup(productGroup)" class="flex-menu_link" loading="true" foreground-color="third-text" background-color="white" href="https://www.peapod.com/" role="button" tabindex="0"><div class="flex-menu_link-content"><!----><div ng-class="{&#39;flex-menu_text--with-image&#39; : productData.ancestorProductGroups.length === 1, &#39;selected&#39; : loading }" class="category-text flex-menu_text">Packaged Vegetables</div></div></a><!----> <!----></div></li><!----><li ng-repeat="productGroup in productData.productGroups" ng-switch="productGroup[productData.productGroupId] == productData.selectedProductGroup[productData.productGroupId]" aria-label="Fresh Produce Snack Packs" role="listitem"><div ng-class="{ &#39;item-container_child--with-image&#39; : productData.ancestorProductGroups.length === 1, &#39;item-container_child--last&#39; : $last }" class="item-container_child"><!----><a ng-switch-default="" ng-click="selectGroup(productGroup)" class="flex-menu_link" loading="true" foreground-color="third-text" background-color="white" href="https://www.peapod.com/" role="button" tabindex="0"><div class="flex-menu_link-content"><!----><div ng-class="{&#39;flex-menu_text--with-image&#39; : productData.ancestorProductGroups.length === 1, &#39;selected&#39; : loading }" class="category-text flex-menu_text">Fresh Produce Snack Packs</div></div></a><!----> <!----></div></li><!----><li ng-repeat="productGroup in productData.productGroups" ng-switch="productGroup[productData.productGroupId] == productData.selectedProductGroup[productData.productGroupId]" aria-label="Salad Dressing" role="listitem"><div ng-class="{ &#39;item-container_child--with-image&#39; : productData.ancestorProductGroups.length === 1, &#39;item-container_child--last&#39; : $last }" class="item-container_child"><!----><a ng-switch-default="" ng-click="selectGroup(productGroup)" class="flex-menu_link" loading="true" foreground-color="third-text" background-color="white" href="https://www.peapod.com/" role="button" tabindex="0"><div class="flex-menu_link-content"><!----><div ng-class="{&#39;flex-menu_text--with-image&#39; : productData.ancestorProductGroups.length === 1, &#39;selected&#39; : loading }" class="category-text flex-menu_text">Salad Dressing</div></div></a><!----> <!----></div></li><!----><li ng-repeat="productGroup in productData.productGroups" ng-switch="productGroup[productData.productGroupId] == productData.selectedProductGroup[productData.productGroupId]" aria-label="Croutons &amp; Salad Toppings" role="listitem"><div ng-class="{ &#39;item-container_child--with-image&#39; : productData.ancestorProductGroups.length === 1, &#39;item-container_child--last&#39; : $last }" class="item-container_child item-container_child--last"><!----><a ng-switch-default="" ng-click="selectGroup(productGroup)" class="flex-menu_link" loading="true" foreground-color="third-text" background-color="white" href="https://www.peapod.com/" role="button" tabindex="0"><div class="flex-menu_link-content"><!----><div ng-class="{&#39;flex-menu_text--with-image&#39; : productData.ancestorProductGroups.length === 1, &#39;selected&#39; : loading }" class="category-text flex-menu_text">Croutons &amp; Salad Toppings</div></div></a><!----> <!----></div></li><!----></ul></div></div></div></div><!----></div></div></li><!----></ul></div></ng-include></div><!----><!----></ng-switch><!----><!----><ng-switch on="!! config.viewTemplate[screenType]"><!----><div ng-switch-when="true" class="container--full-height"><!----><ng-include src="config.viewTemplate[screenType]"><div ng-controller="ProductViewSubheaderController" class="flex-content_container container--full-height"><div class="flex-content_row"><!----></div><!----><div class="flex-content_row--expanded" ng-class=" {&#39;product-specials_expanded-row&#39;: isSpecials} "><div class="browse-products" ng-class="{ &#39;full-width&#39;: config.isFullWidth == true, &#39;list&#39;: viewType == &#39;list&#39; &amp;&amp; (isFullTablet() || isDesktop()) }" generic-content="" content-data="productData.contentData" config="config.contentRegions.config" date="config.contentRegions.date" collection="productData.products" collection-categorized="productData.categorizedProductData" pagination="productData.pagination"><div class="flex-content_container container--full-height scrollable"><!----><sort-filter-medium ng-if="isTablet()" product-data="productData" is-eci-group="config.isEciGroup" is-prod-group="config.isProdGroup" modal-opener="openNamedModalView" is-store-offer="config.isStoreOffer"><!----><div ng-if="!sortFilterMedCtrl.isEciGroup &amp;&amp; !sortFilterMedCtrl.isProdGroup &amp;&amp; !sortFilterMedCtrl.isStoreOffer" class="flex-content_row sort-filter-subheader"><div class="sort-filter-subheader_item--inline product-view_count--wrapper" ng-controller="ProductViewRefineController"><span ng-controller="ProductSortTypeController" class="product-view_count" ng-class="{ &#39;no-border&#39;: flattenedFilters.length &gt; 0 }"><!----> <!----><span id="aria_summary-text" class="count" ng-if="!model.isSearch" tabindex="-1"><span>219 items</span> <!----> <!----> <!----></span><!----> <!----><span ng-if="sortFilterMedCtrl.productData.pagination.total &gt; 0 &amp;&amp; !sortFilterMedCtrl.isMiniTablet()"><span>&nbsp;Sorted by: <span class="text--base-third">Most Popular</span></span></span><!----></span></div><!----><div class="sort-filter-subheader_right" ng-if="sortFilterMedCtrl.model.showRefine === true &amp;&amp; sortFilterMedCtrl.model.showSort === true"><dropdown-datasource><div ng-controller="ProductViewRefineController" class="sort-filter-subheader_filter--combined-dropdown sort-filter-subheader_item--inline"><a ng-click="sortFilterMedCtrl.toggleDropdown()" ng-class="{&#39;sort-filter-subheader_filter-button--open&#39;: sortFilterMedCtrl.dropdownOpen, &#39;sort-filter-subheader_filter-button--black-top&#39;: sortFilterMedCtrl.showTopBorder }" id="sort-filter_filters-dropdown" class="sort-filter-subheader_filter-button" role="button" aria-expanded="false" ng-attr-aria-label="{{sortFilterMedCtrl.getFilterLabel()}}" tabindex="0" aria-label="click to open filters dropdown"><span ng-class="{&#39;sort-filter-subheader_filter--dropdown-header--open sort-filter-subheader_filter--dropdown-header--medium--open&#39;: sortFilterMedCtrl.dropdownOpen }" class="sort-filter-subheader_filter--dropdown-header sort-filter-subheader_filter--dropdown-header--medium"><span class="filters_title">Filter</span> <span class="vector-icon_list-arrow-wrapper vector-icon_accordion-arrow-wrapper" ng-class="{&#39;open&#39;: sortFilterMedCtrl.dropdownOpen }"><div class="vector-icon_outer-wrapper" svg-id="arrow_carrot-down" svg-class="vector-icon-color--second" container-class="vector-icon-size--accordion-arrow" svg-title="Arrow Icon" svg-description="Icon of arrow" svg-role="presentation" svg-aria-hidden="true"><div class="vector-icon_container vector-icon-size--accordion-arrow"><svg version="1.1" x="0px" y="0px" focusable="false" viewBox="0 0 1807 1024" class="vector-icon-color--second" role="presentation" aria-hidden="true"><title>Arrow Icon</title><desc>Icon of arrow</desc><path d="M1601.471 35.36l-697.792 697.792-697.792-697.792c-47.067-47.067-123.58-47.067-170.647 0s-47.067 123.58 0 170.647l782.754 782.754c23.654 23.654 54.79 35.481 85.685 35.24 31.136 0 62.031-11.586 85.685-35.24l782.754-782.754c47.067-47.067 47.067-123.58 0-170.647-47.067-47.187-123.459-47.187-170.647 0z" class="path1"></path></svg></div></div></span></span></a><!----></div></dropdown-datasource><!----><div class="sort-filter-subheader_medium-sort" ng-if="sortFilterMedCtrl.model.showSort"><div id="aria_sort-header" class="sort-filter-subheader_sort--header sort-filter-subheader_item--inline">Sort:</div><div class="sort-filter-subheader_item--inline sort-filter-subheader_sort--container"><div ng-controller="ProductSortTypeController"><div ng-class="{ &#39;sort-field--with-button&#39;: model.backButtonOverride }" class="filters_sort-field sort-field"><form class="filters_sort--select-box sort-field_select-box select-box select-box--white ng-pristine ng-valid" method="POST"><div ng-switch="" on="model.isNutritionPresent() &amp;&amp; model.containsFood()" class="select-field"><!----><select ng-switch-when="true" ng-model="model.sort.combinedSortType" aria-labelledby="aria_sort-header" ng-change="sortChange(model.sort.combinedSortType)" ng-options="sortType.value as sortType.name for sortType in model.getCombinedSortTypes()" options-disabled="sortType.disabled for sortType in model.getCombinedSortTypes()" id="filters_sort--select-input" class="select-text ng-pristine ng-untouched ng-valid ng-not-empty" tabindex="0"><option label="Most Popular" value="string:itemsPurchased desc, name asc" selected="selected">Most Popular</option><option label="Description" value="string:name asc">Description</option><option label="Price" value="string:price asc, name asc">Price</option><option label="Unit Price" value="string:unitPrice asc, name asc">Unit Price</option><option label="Specials" value="string:specials desc, name asc">Specials</option><option label="Calories" value="string:calories asc, name asc">Calories</option><option label="Fat" value="string:fat asc, name asc">Fat</option><option label="Carbohydrates" value="string:carbs asc, name asc">Carbohydrates</option><option label="Cholesterol" value="string:cholesterol asc, name asc">Cholesterol</option><option label="Dietary Fiber" value="string:fiber desc, name asc">Dietary Fiber</option><option label="Protein" value="string:protein desc, name asc">Protein</option><option label="Sodium" value="string:sodium asc, name asc">Sodium</option><option label="Sugar" value="string:sugar asc, name asc">Sugar</option></select><!----><!----></div><div class="select-box-arrow"></div></form></div></div></div></div><!----></div><!----></div><!----><!----></sort-filter-medium><!----><div class="flex-content_row--expanded scrollable" ppd-scroll-to-if="updatingProductSet" scroll-to="0" if-changed="viewType"><div class="scrollable-content container-size--medium" controls-header="true" keyboard-default="true" width-variable="breakpoint" width-values="widthBreakpoints.defaultBreakpoints" ng-class=" &#39;container-size--&#39; + breakpoint "><div><div ng-class="{ &#39;gc-content--prod-group&#39;: !!config.isProdGroup }"><!----><div ng-if="!!productData.contentData || !!config.contentRegions.config"><div generic-content-region="" region="browse_aisles_shelf_header" class="generic-content_wrapper"><div><div ng-class="methods.classForRegionSize(regionSize, ! content.model.contentData[&#39;browse_aisles_shelf_header&#39;], methods.contentLayouts(content.model.contentData[&#39;browse_aisles_shelf_header&#39;], regionSize).layout.length )" width-variable="regionSize" width-values="widthBreakpoints.defaultBreakpoints" class="generic-content_region-contents--medium generic-content_region-contents--hidden"><!----></div></div></div></div><!----></div><!----><div ng-controller="ProductViewRefineController"><!----></div></div><div ng-switch="!productData.contentData || ! productData.contentData.contentData[&#39;search_shelf_header&#39;] || productData.contentData.contentData[&#39;search_shelf_header&#39;].data.length === 0"><!----><!----><div ng-switch-when="true" ng-if="config.canShowAds &amp;&amp; !hasEmptySearchResult()"><div ng-switch="" on="adContentWidth" width-variable="adContentWidth" width-values="widthBreakpoints.defaultBreakpoints"><!----><div ng-switch-default=""><div class="generic-content_content-item-table" quotient-ad-datasource=""><div class="adsense_wrapper adsense_wrapper--alpha generic-content_content-item-table-cell"><div class="adsense_container" quotient-ad="" classes="!interwoven ? &#39;interweaved-content_leader
                interweaved-content_trailer&#39; : &#39;&#39;" size="[728,90]" cat-tree-id="productData.category.categoryTreeId" keywords="productData.keywords"><div id="gpt-ad-124" class="interweaved-content_leader
                interweaved-content_trailer" data-google-query-id="CJjtutm_lOMCFcVowQodoT8NTQ"><div id="google_ads_iframe_/21698680737/peapod_0__container__" style="border: 0pt none;"><iframe id="google_ads_iframe_/21698680737/peapod_0" title="3rd party ad content" name="google_ads_iframe_/21698680737/peapod_0" width="728" height="90" scrolling="no" marginwidth="0" marginheight="0" frameborder="0" style="border: 0px; vertical-align: bottom;" data-google-container-id="1j" data-load-complete="true" src="./Produce_Packaged_Produce_Salads_files/saved_resource.html"></iframe></div></div></div></div></div></div><!----><!----></div></div><!----><!----><!----></div><div ng-switch="" on="!! config.interweaveRegion"><!----><div ng-switch-when="true" generic-interweaved-content-region="" region="browse_aisles_shelf_content" options="{keywords: productData.keywords}"><div class="product-view" ng-class="{ &#39;past-purchases-grid-view&#39; : !!config.ppTimes }"><!----><!----><!----><!----><!----><!----><div product-collection-renderer="" hooklogic-ad-params="" ad-logging="true" cart-log-location="BROWSE_AISLES" cart-log-information="{&quot;catPath&quot;:&quot;1,2098,2275&quot;}" collection="productData.products" renderer="product" options="{&quot;sortType&quot;:&quot;itemsPurchased desc, name asc&quot;,&quot;removePastPurchasesFeatureFlag&quot;:false,&quot;isCategorized&quot;:false,&quot;viewType&quot;:&quot;grid&quot;}" ng-if="!productData.isCategorized" interwoven-content="interweavedContentModel[config.interweaveRegion]"><div width-variable="productDisplayWidth" width-observer="productRendererMethods.watchSize" width-values="widthBreakpoints.productBreakpoints"><ul class="product-list"><!-- start ppdCollection: productData.products renderer: product --><li role="region" tabindex="-1" aria-label="Stop &amp; Shop Baby Carrots Cut Peeled" class="product-cell product-grid-cell product-grid-cell--quad" data-id="0-&gt;118781" data-position="1"><div class="confirmation-wrapper confirmation-wrapper--hidden" id="confirmation-wrapper--118781"><div class="confirmation-whitewash"><div class="confirmation-dialog"><div class="confirmation-dialog_messages" tabindex="0"><h4 class="confirmation-dialog_message-headline">Remove This Item From Your Cart?</h4></div><div class="confirmation-dialog_action-container"><div class="confirmation-dialog_confirmation-button"><button class="button button--fourth" tabindex="0" data-product-id="118781" data-cart-log-location="BROWSE_AISLES" data-persisted-quantity="undefined" data-price="1.69">OK</button></div><div class="confirmation-dialog_cancel-button"><button class="button button--fourth" tabindex="0" data-product-id="118781">Cancel</button></div></div></div></div></div><div class="confirmation-wrapper" style="display: none;"><div class="confirmation-whitewash"></div></div><img src="./Produce_Packaged_Produce_Salads_files/UKGM0.jpg" alt="Stop &amp; Shop Baby Carrots Cut Peeled" class="product-grid-cell_main-image" data-block-spinner="true" data-product-id="118781"><div class="product-grid-cell_price-tag"><div class="product-grid-cell_name" role="link" tabindex="0" data-block-spinner="true" data-product-id="118781"><h3 class="product-grid-cell_name-text select-text"><span class="vector-icon_inline-text--left"><div class="vector-icon_outer-wrapper"><div class="vector-icon_container vector-icon-size--xsmall"><svg version="1.1" x="0px" y="0px" focusable="false" viewBox="0 0 945 1024" class="" role="presentation" aria-hidden="true"><title>Ahold Wedge Icon</title><desc>Ahold Icon</desc><path d="M1.893 730.617c-1.289-2.094-2.052-4.631-2.052-7.346 0-0.747 0.058-1.481 0.169-2.197 0.158-12.396 10.227-22.466 22.687-22.634l895.306-0c12.476 0.168 22.545 10.237 22.713 22.698-0.521 3.721-1.182 6.924-2.024 10.053l0.131-0.574c-86.363 175.072-263.598 293.385-468.466 293.385s-382.103-118.313-467.105-290.339l-1.361-3.046z" class="path1" fill="rgb(247, 168, 0)"></path><path d="M107.889 132.495c1.893-1.893 1.893-3.786 3.786-5.678 2.98-3.491 7.385-5.69 12.303-5.69s9.323 2.199 12.284 5.668l0.019 0.022 476.983 476.983c3.491 2.98 5.69 7.385 5.69 12.303s-2.199 9.323-5.668 12.284c-1.399 1.869-3.361 3.216-5.631 3.789l-0.069 0.015c-38.446 13.732-82.796 21.669-129.001 21.669-108.416 0-206.626-43.699-277.977-114.443-70.367-71.826-113.809-170.317-113.809-278.955 0-45.803 7.722-89.803 21.936-130.767l-0.845 2.8z" class="path2" fill="rgb(226, 35, 26)"></path><path d="M600.015 1.893c1.247-1.204 2.948-1.946 4.822-1.946 0.302 0 0.6 0.019 0.891 0.057 0.057-0.006 0.164-0.007 0.272-0.007 7.15 0 12.947 5.796 12.947 12.947 0 0.108-0.001 0.215-0.004 0.322l0-0.016v503.482c0.002 0.091 0.004 0.199 0.004 0.306 0 7.15-5.796 12.947-12.947 12.947-0.108 0-0.215-0.001-0.322-0.004-0.241 0.034-0.539 0.053-0.841 0.053-1.874 0-3.574-0.742-4.824-1.948l0.002 0.002c-98.273-48.542-164.673-148.065-164.673-263.098s66.401-214.556 162.964-262.333l1.709-0.765z" class="path3" fill="rgb(113, 33, 119)"></path><path d="M938.824 283.919c1.893 0 1.893 1.893 3.786 1.893 1.765 2.012 2.841 4.666 2.841 7.571s-1.077 5.559-2.853 7.584l0.011-0.013-268.776 266.884c-2.012 1.765-4.666 2.841-7.571 2.841s-5.559-1.077-7.584-2.853c-1.144-0.651-1.911-1.879-1.911-3.285 0-0.172 0.012-0.342 0.034-0.508l-0.002 0.019c-7.681-21.529-12.12-46.363-12.12-72.235 0-61.263 24.891-116.712 65.111-156.786 39.326-39.792 93.895-64.431 154.219-64.431 26.857 0 52.573 4.884 76.309 13.812l-1.494-0.493z" class="path4" fill="rgb(130, 188, 0)"></path></svg></div></div></span>Stop &amp; Shop Baby Carrots Cut Peeled</h3></div><div class="product-grid-cell_price-container" role="link" data-block-spinner="true" data-product-id="118781"><div class="product-grid-cell_regular-price-container"><span class="product-grid-cell_was" aria-hidden="true"></span><span class="product-grid-cell_regular-price"></span></div><span class="product-grid-cell_main-price select-text">$1.69</span><span class="product-grid-cell_hidden-price"></span></div><span class="product-grid-cell_size select-text" role="link" data-block-spinner="true" data-product-id="118781">16 oz bag</span><span data-block-spinner="true" data-product-id="118781"><span class="product-grid-cell_unit select-text"> | $0.11 / oz</span></span><div class="buy-more-save-more_cta-grid-container"></div><div class="add-to-cart"><div class="add-to-cart_button"><button class="button button--add-to-cart" data-product-id="118781" data-price="1.69" data-cart-log-location="BROWSE_AISLES" data-persisted-quantity="0" data-other-information="{&quot;catPath&quot;:&quot;1,2098,2275&quot;,&quot;sale&quot;:false,&quot;newArrival&quot;:false,&quot;sponsored&quot;:false,&quot;includeContentTrackingInfo&quot;:true}">Add to Cart</button></div><span class="element-invisible" aria-live="assertive"></span></div></div><div class="spyglass-container"></div></li><li role="region" tabindex="-1" aria-label="Stop &amp; Shop Green Beans Trimmed &amp; Washed" class="product-cell product-grid-cell product-grid-cell--quad" data-id="1-&gt;202338" data-position="2"><div class="confirmation-wrapper confirmation-wrapper--hidden" id="confirmation-wrapper--202338"><div class="confirmation-whitewash"><div class="confirmation-dialog"><div class="confirmation-dialog_messages" tabindex="0"><h4 class="confirmation-dialog_message-headline">Remove This Item From Your Cart?</h4></div><div class="confirmation-dialog_action-container"><div class="confirmation-dialog_confirmation-button"><button class="button button--fourth" tabindex="0" data-product-id="202338" data-cart-log-location="BROWSE_AISLES" data-persisted-quantity="undefined" data-price="3.19">OK</button></div><div class="confirmation-dialog_cancel-button"><button class="button button--fourth" tabindex="0" data-product-id="202338">Cancel</button></div></div></div></div></div><div class="confirmation-wrapper" style="display: none;"><div class="confirmation-whitewash"></div></div><img src="./Produce_Packaged_Produce_Salads_files/PFG8X.jpg" alt="Stop &amp; Shop Green Beans Trimmed &amp; Washed" class="product-grid-cell_main-image" data-block-spinner="true" data-product-id="202338"><div class="product-grid-cell_price-tag"><div class="product-grid-cell_name" role="link" tabindex="0" data-block-spinner="true" data-product-id="202338"><h3 class="product-grid-cell_name-text select-text"><span class="vector-icon_inline-text--left"><div class="vector-icon_outer-wrapper"><div class="vector-icon_container vector-icon-size--xsmall"><svg version="1.1" x="0px" y="0px" focusable="false" viewBox="0 0 945 1024" class="" role="presentation" aria-hidden="true"><title>Ahold Wedge Icon</title><desc>Ahold Icon</desc><path d="M1.893 730.617c-1.289-2.094-2.052-4.631-2.052-7.346 0-0.747 0.058-1.481 0.169-2.197 0.158-12.396 10.227-22.466 22.687-22.634l895.306-0c12.476 0.168 22.545 10.237 22.713 22.698-0.521 3.721-1.182 6.924-2.024 10.053l0.131-0.574c-86.363 175.072-263.598 293.385-468.466 293.385s-382.103-118.313-467.105-290.339l-1.361-3.046z" class="path1" fill="rgb(247, 168, 0)"></path><path d="M107.889 132.495c1.893-1.893 1.893-3.786 3.786-5.678 2.98-3.491 7.385-5.69 12.303-5.69s9.323 2.199 12.284 5.668l0.019 0.022 476.983 476.983c3.491 2.98 5.69 7.385 5.69 12.303s-2.199 9.323-5.668 12.284c-1.399 1.869-3.361 3.216-5.631 3.789l-0.069 0.015c-38.446 13.732-82.796 21.669-129.001 21.669-108.416 0-206.626-43.699-277.977-114.443-70.367-71.826-113.809-170.317-113.809-278.955 0-45.803 7.722-89.803 21.936-130.767l-0.845 2.8z" class="path2" fill="rgb(226, 35, 26)"></path><path d="M600.015 1.893c1.247-1.204 2.948-1.946 4.822-1.946 0.302 0 0.6 0.019 0.891 0.057 0.057-0.006 0.164-0.007 0.272-0.007 7.15 0 12.947 5.796 12.947 12.947 0 0.108-0.001 0.215-0.004 0.322l0-0.016v503.482c0.002 0.091 0.004 0.199 0.004 0.306 0 7.15-5.796 12.947-12.947 12.947-0.108 0-0.215-0.001-0.322-0.004-0.241 0.034-0.539 0.053-0.841 0.053-1.874 0-3.574-0.742-4.824-1.948l0.002 0.002c-98.273-48.542-164.673-148.065-164.673-263.098s66.401-214.556 162.964-262.333l1.709-0.765z" class="path3" fill="rgb(113, 33, 119)"></path><path d="M938.824 283.919c1.893 0 1.893 1.893 3.786 1.893 1.765 2.012 2.841 4.666 2.841 7.571s-1.077 5.559-2.853 7.584l0.011-0.013-268.776 266.884c-2.012 1.765-4.666 2.841-7.571 2.841s-5.559-1.077-7.584-2.853c-1.144-0.651-1.911-1.879-1.911-3.285 0-0.172 0.012-0.342 0.034-0.508l-0.002 0.019c-7.681-21.529-12.12-46.363-12.12-72.235 0-61.263 24.891-116.712 65.111-156.786 39.326-39.792 93.895-64.431 154.219-64.431 26.857 0 52.573 4.884 76.309 13.812l-1.494-0.493z" class="path4" fill="rgb(130, 188, 0)"></path></svg></div></div></span>Stop &amp; Shop Green Beans Trimmed &amp; Washed</h3></div><div class="product-grid-cell_price-container" role="link" data-block-spinner="true" data-product-id="202338"><div class="product-grid-cell_regular-price-container"><span class="product-grid-cell_was" aria-hidden="true"></span><span class="product-grid-cell_regular-price"></span></div><span class="product-grid-cell_main-price select-text">$3.19</span><span class="product-grid-cell_hidden-price"></span></div><span class="product-grid-cell_size select-text" role="link" data-block-spinner="true" data-product-id="202338">12 oz bag</span><span data-block-spinner="true" data-product-id="202338"><span class="product-grid-cell_unit select-text"> | $0.27 / oz</span></span><div class="buy-more-save-more_cta-grid-container"></div><div class="add-to-cart"><div class="add-to-cart_button"><button class="button button--add-to-cart" data-product-id="202338" data-price="3.19" data-cart-log-location="BROWSE_AISLES" data-persisted-quantity="0" data-other-information="{&quot;catPath&quot;:&quot;1,2098,2275&quot;,&quot;sale&quot;:false,&quot;newArrival&quot;:false,&quot;sponsored&quot;:false,&quot;includeContentTrackingInfo&quot;:true}">Add to Cart</button></div><span class="element-invisible" aria-live="assertive"></span></div></div><div class="spyglass-container"></div></li><li role="region" tabindex="-1" aria-label="Nature&#39;s Promise Organic Carrots Baby" class="product-cell product-grid-cell product-grid-cell--quad" data-id="2-&gt;140163" data-position="3"><div class="confirmation-wrapper confirmation-wrapper--hidden" id="confirmation-wrapper--140163"><div class="confirmation-whitewash"><div class="confirmation-dialog"><div class="confirmation-dialog_messages" tabindex="0"><h4 class="confirmation-dialog_message-headline">Remove This Item From Your Cart?</h4></div><div class="confirmation-dialog_action-container"><div class="confirmation-dialog_confirmation-button"><button class="button button--fourth" tabindex="0" data-product-id="140163" data-cart-log-location="BROWSE_AISLES" data-persisted-quantity="undefined" data-price="2.09">OK</button></div><div class="confirmation-dialog_cancel-button"><button class="button button--fourth" tabindex="0" data-product-id="140163">Cancel</button></div></div></div></div></div><div class="confirmation-wrapper" style="display: none;"><div class="confirmation-whitewash"></div></div><img src="./Produce_Packaged_Produce_Salads_files/BXQZC.jpg" alt="Nature&#39;s Promise Organic Carrots Baby" class="product-grid-cell_main-image" data-block-spinner="true" data-product-id="140163"><div class="product-grid-cell_price-tag"><div class="product-grid-cell_name" role="link" tabindex="0" data-block-spinner="true" data-product-id="140163"><h3 class="product-grid-cell_name-text select-text"><span class="vector-icon_inline-text--left"><div class="vector-icon_outer-wrapper"><div class="vector-icon_container vector-icon-size--xsmall"><svg version="1.1" x="0px" y="0px" focusable="false" viewBox="0 0 945 1024" class="" role="presentation" aria-hidden="true"><title>Ahold Wedge Icon</title><desc>Ahold Icon</desc><path d="M1.893 730.617c-1.289-2.094-2.052-4.631-2.052-7.346 0-0.747 0.058-1.481 0.169-2.197 0.158-12.396 10.227-22.466 22.687-22.634l895.306-0c12.476 0.168 22.545 10.237 22.713 22.698-0.521 3.721-1.182 6.924-2.024 10.053l0.131-0.574c-86.363 175.072-263.598 293.385-468.466 293.385s-382.103-118.313-467.105-290.339l-1.361-3.046z" class="path1" fill="rgb(247, 168, 0)"></path><path d="M107.889 132.495c1.893-1.893 1.893-3.786 3.786-5.678 2.98-3.491 7.385-5.69 12.303-5.69s9.323 2.199 12.284 5.668l0.019 0.022 476.983 476.983c3.491 2.98 5.69 7.385 5.69 12.303s-2.199 9.323-5.668 12.284c-1.399 1.869-3.361 3.216-5.631 3.789l-0.069 0.015c-38.446 13.732-82.796 21.669-129.001 21.669-108.416 0-206.626-43.699-277.977-114.443-70.367-71.826-113.809-170.317-113.809-278.955 0-45.803 7.722-89.803 21.936-130.767l-0.845 2.8z" class="path2" fill="rgb(226, 35, 26)"></path><path d="M600.015 1.893c1.247-1.204 2.948-1.946 4.822-1.946 0.302 0 0.6 0.019 0.891 0.057 0.057-0.006 0.164-0.007 0.272-0.007 7.15 0 12.947 5.796 12.947 12.947 0 0.108-0.001 0.215-0.004 0.322l0-0.016v503.482c0.002 0.091 0.004 0.199 0.004 0.306 0 7.15-5.796 12.947-12.947 12.947-0.108 0-0.215-0.001-0.322-0.004-0.241 0.034-0.539 0.053-0.841 0.053-1.874 0-3.574-0.742-4.824-1.948l0.002 0.002c-98.273-48.542-164.673-148.065-164.673-263.098s66.401-214.556 162.964-262.333l1.709-0.765z" class="path3" fill="rgb(113, 33, 119)"></path><path d="M938.824 283.919c1.893 0 1.893 1.893 3.786 1.893 1.765 2.012 2.841 4.666 2.841 7.571s-1.077 5.559-2.853 7.584l0.011-0.013-268.776 266.884c-2.012 1.765-4.666 2.841-7.571 2.841s-5.559-1.077-7.584-2.853c-1.144-0.651-1.911-1.879-1.911-3.285 0-0.172 0.012-0.342 0.034-0.508l-0.002 0.019c-7.681-21.529-12.12-46.363-12.12-72.235 0-61.263 24.891-116.712 65.111-156.786 39.326-39.792 93.895-64.431 154.219-64.431 26.857 0 52.573 4.884 76.309 13.812l-1.494-0.493z" class="path4" fill="rgb(130, 188, 0)"></path></svg></div></div></span>Nature's Promise Organic Carrots Baby</h3></div><div class="product-grid-cell_price-container" role="link" data-block-spinner="true" data-product-id="140163"><div class="product-grid-cell_regular-price-container"><span class="product-grid-cell_was" aria-hidden="true"></span><span class="product-grid-cell_regular-price"></span></div><span class="product-grid-cell_main-price select-text">$2.09</span><span class="product-grid-cell_hidden-price"></span></div><span class="product-grid-cell_size select-text" role="link" data-block-spinner="true" data-product-id="140163">16 oz bag</span><span data-block-spinner="true" data-product-id="140163"><span class="product-grid-cell_unit select-text"> | $0.13 / oz</span></span><div class="buy-more-save-more_cta-grid-container"></div><div class="add-to-cart"><div class="add-to-cart_button"><button class="button button--add-to-cart" data-product-id="140163" data-price="2.09" data-cart-log-location="BROWSE_AISLES" data-persisted-quantity="0" data-other-information="{&quot;catPath&quot;:&quot;1,2098,2275&quot;,&quot;sale&quot;:false,&quot;newArrival&quot;:false,&quot;sponsored&quot;:false,&quot;includeContentTrackingInfo&quot;:true}">Add to Cart</button></div><span class="element-invisible" aria-live="assertive"></span></div></div><div class="spyglass-container"></div></li><li role="region" tabindex="-1" aria-label="Stop &amp; Shop Salad Blends Butter Lettuce" class="product-cell product-grid-cell product-grid-cell--quad" data-id="3-&gt;125789" data-position="4"><div class="confirmation-wrapper confirmation-wrapper--hidden" id="confirmation-wrapper--125789"><div class="confirmation-whitewash"><div class="confirmation-dialog"><div class="confirmation-dialog_messages" tabindex="0"><h4 class="confirmation-dialog_message-headline">Remove This Item From Your Cart?</h4></div><div class="confirmation-dialog_action-container"><div class="confirmation-dialog_confirmation-button"><button class="button button--fourth" tabindex="0" data-product-id="125789" data-cart-log-location="BROWSE_AISLES" data-persisted-quantity="undefined" data-price="2.5">OK</button></div><div class="confirmation-dialog_cancel-button"><button class="button button--fourth" tabindex="0" data-product-id="125789">Cancel</button></div></div></div></div></div><div class="confirmation-wrapper" style="display: none;"><div class="confirmation-whitewash"></div></div><div class="item-detail_flag--outer-container"><div class="item-detail_flag--container"><div class="item-detail_flag--flag sale">Sale</div></div></div><img src="./Produce_Packaged_Produce_Salads_files/0T198.jpg" alt="Stop &amp; Shop Salad Blends Butter Lettuce" class="product-grid-cell_main-image" data-block-spinner="true" data-product-id="125789"><div class="product-grid-cell_price-tag"><div class="product-grid-cell_name" role="link" tabindex="0" data-block-spinner="true" data-product-id="125789"><h3 class="product-grid-cell_name-text select-text"><span class="vector-icon_inline-text--left"><div class="vector-icon_outer-wrapper"><div class="vector-icon_container vector-icon-size--xsmall"><svg version="1.1" x="0px" y="0px" focusable="false" viewBox="0 0 945 1024" class="" role="presentation" aria-hidden="true"><title>Ahold Wedge Icon</title><desc>Ahold Icon</desc><path d="M1.893 730.617c-1.289-2.094-2.052-4.631-2.052-7.346 0-0.747 0.058-1.481 0.169-2.197 0.158-12.396 10.227-22.466 22.687-22.634l895.306-0c12.476 0.168 22.545 10.237 22.713 22.698-0.521 3.721-1.182 6.924-2.024 10.053l0.131-0.574c-86.363 175.072-263.598 293.385-468.466 293.385s-382.103-118.313-467.105-290.339l-1.361-3.046z" class="path1" fill="rgb(247, 168, 0)"></path><path d="M107.889 132.495c1.893-1.893 1.893-3.786 3.786-5.678 2.98-3.491 7.385-5.69 12.303-5.69s9.323 2.199 12.284 5.668l0.019 0.022 476.983 476.983c3.491 2.98 5.69 7.385 5.69 12.303s-2.199 9.323-5.668 12.284c-1.399 1.869-3.361 3.216-5.631 3.789l-0.069 0.015c-38.446 13.732-82.796 21.669-129.001 21.669-108.416 0-206.626-43.699-277.977-114.443-70.367-71.826-113.809-170.317-113.809-278.955 0-45.803 7.722-89.803 21.936-130.767l-0.845 2.8z" class="path2" fill="rgb(226, 35, 26)"></path><path d="M600.015 1.893c1.247-1.204 2.948-1.946 4.822-1.946 0.302 0 0.6 0.019 0.891 0.057 0.057-0.006 0.164-0.007 0.272-0.007 7.15 0 12.947 5.796 12.947 12.947 0 0.108-0.001 0.215-0.004 0.322l0-0.016v503.482c0.002 0.091 0.004 0.199 0.004 0.306 0 7.15-5.796 12.947-12.947 12.947-0.108 0-0.215-0.001-0.322-0.004-0.241 0.034-0.539 0.053-0.841 0.053-1.874 0-3.574-0.742-4.824-1.948l0.002 0.002c-98.273-48.542-164.673-148.065-164.673-263.098s66.401-214.556 162.964-262.333l1.709-0.765z" class="path3" fill="rgb(113, 33, 119)"></path><path d="M938.824 283.919c1.893 0 1.893 1.893 3.786 1.893 1.765 2.012 2.841 4.666 2.841 7.571s-1.077 5.559-2.853 7.584l0.011-0.013-268.776 266.884c-2.012 1.765-4.666 2.841-7.571 2.841s-5.559-1.077-7.584-2.853c-1.144-0.651-1.911-1.879-1.911-3.285 0-0.172 0.012-0.342 0.034-0.508l-0.002 0.019c-7.681-21.529-12.12-46.363-12.12-72.235 0-61.263 24.891-116.712 65.111-156.786 39.326-39.792 93.895-64.431 154.219-64.431 26.857 0 52.573 4.884 76.309 13.812l-1.494-0.493z" class="path4" fill="rgb(130, 188, 0)"></path></svg></div></div></span>Stop &amp; Shop Salad Blends Butter Lettuce</h3></div><div class="product-grid-cell_price-container" role="link" data-block-spinner="true" data-product-id="125789"><div class="product-grid-cell_regular-price-container"><span class="product-grid-cell_was" aria-hidden="true"></span><span class="product-grid-cell_regular-price"></span></div><span class="product-grid-cell_main-price select-text product-grid-cell_main-price--on-sale">$2.50</span><span class="product-grid-cell_hidden-price"></span></div><span class="product-grid-cell_size select-text" role="link" data-block-spinner="true" data-product-id="125789">7 oz bag</span><span data-block-spinner="true" data-product-id="125789"><span class="product-grid-cell_unit select-text"> | $0.36 / oz</span></span><div class="buy-more-save-more_cta-grid-container"></div><div class="add-to-cart"><div class="add-to-cart_button"><button class="button button--add-to-cart" data-product-id="125789" data-price="2.5" data-cart-log-location="BROWSE_AISLES" data-persisted-quantity="0" data-other-information="{&quot;catPath&quot;:&quot;1,2098,2275&quot;,&quot;sale&quot;:true,&quot;newArrival&quot;:false,&quot;sponsored&quot;:false,&quot;includeContentTrackingInfo&quot;:true}">Add to Cart</button></div><span class="element-invisible" aria-live="assertive"></span></div></div><div class="spyglass-container"></div></li><li role="region" tabindex="-1" aria-label="Stop &amp; Shop Cut Celery Sticks" class="product-cell product-grid-cell product-grid-cell--quad" data-id="4-&gt;186567" data-position="5"><div class="confirmation-wrapper confirmation-wrapper--hidden" id="confirmation-wrapper--186567"><div class="confirmation-whitewash"><div class="confirmation-dialog"><div class="confirmation-dialog_messages" tabindex="0"><h4 class="confirmation-dialog_message-headline">Remove This Item From Your Cart?</h4></div><div class="confirmation-dialog_action-container"><div class="confirmation-dialog_confirmation-button"><button class="button button--fourth" tabindex="0" data-product-id="186567" data-cart-log-location="BROWSE_AISLES" data-persisted-quantity="undefined" data-price="2.5">OK</button></div><div class="confirmation-dialog_cancel-button"><button class="button button--fourth" tabindex="0" data-product-id="186567">Cancel</button></div></div></div></div></div><div class="confirmation-wrapper" style="display: none;"><div class="confirmation-whitewash"></div></div><div class="item-detail_flag--outer-container"><div class="item-detail_flag--container"><div class="item-detail_flag--flag sale">Sale</div></div></div><img src="./Produce_Packaged_Produce_Salads_files/4LNTO.jpg" alt="Stop &amp; Shop Cut Celery Sticks" class="product-grid-cell_main-image" data-block-spinner="true" data-product-id="186567"><div class="product-grid-cell_price-tag"><div class="product-grid-cell_name" role="link" tabindex="0" data-block-spinner="true" data-product-id="186567"><h3 class="product-grid-cell_name-text select-text"><span class="vector-icon_inline-text--left"><div class="vector-icon_outer-wrapper"><div class="vector-icon_container vector-icon-size--xsmall"><svg version="1.1" x="0px" y="0px" focusable="false" viewBox="0 0 945 1024" class="" role="presentation" aria-hidden="true"><title>Ahold Wedge Icon</title><desc>Ahold Icon</desc><path d="M1.893 730.617c-1.289-2.094-2.052-4.631-2.052-7.346 0-0.747 0.058-1.481 0.169-2.197 0.158-12.396 10.227-22.466 22.687-22.634l895.306-0c12.476 0.168 22.545 10.237 22.713 22.698-0.521 3.721-1.182 6.924-2.024 10.053l0.131-0.574c-86.363 175.072-263.598 293.385-468.466 293.385s-382.103-118.313-467.105-290.339l-1.361-3.046z" class="path1" fill="rgb(247, 168, 0)"></path><path d="M107.889 132.495c1.893-1.893 1.893-3.786 3.786-5.678 2.98-3.491 7.385-5.69 12.303-5.69s9.323 2.199 12.284 5.668l0.019 0.022 476.983 476.983c3.491 2.98 5.69 7.385 5.69 12.303s-2.199 9.323-5.668 12.284c-1.399 1.869-3.361 3.216-5.631 3.789l-0.069 0.015c-38.446 13.732-82.796 21.669-129.001 21.669-108.416 0-206.626-43.699-277.977-114.443-70.367-71.826-113.809-170.317-113.809-278.955 0-45.803 7.722-89.803 21.936-130.767l-0.845 2.8z" class="path2" fill="rgb(226, 35, 26)"></path><path d="M600.015 1.893c1.247-1.204 2.948-1.946 4.822-1.946 0.302 0 0.6 0.019 0.891 0.057 0.057-0.006 0.164-0.007 0.272-0.007 7.15 0 12.947 5.796 12.947 12.947 0 0.108-0.001 0.215-0.004 0.322l0-0.016v503.482c0.002 0.091 0.004 0.199 0.004 0.306 0 7.15-5.796 12.947-12.947 12.947-0.108 0-0.215-0.001-0.322-0.004-0.241 0.034-0.539 0.053-0.841 0.053-1.874 0-3.574-0.742-4.824-1.948l0.002 0.002c-98.273-48.542-164.673-148.065-164.673-263.098s66.401-214.556 162.964-262.333l1.709-0.765z" class="path3" fill="rgb(113, 33, 119)"></path><path d="M938.824 283.919c1.893 0 1.893 1.893 3.786 1.893 1.765 2.012 2.841 4.666 2.841 7.571s-1.077 5.559-2.853 7.584l0.011-0.013-268.776 266.884c-2.012 1.765-4.666 2.841-7.571 2.841s-5.559-1.077-7.584-2.853c-1.144-0.651-1.911-1.879-1.911-3.285 0-0.172 0.012-0.342 0.034-0.508l-0.002 0.019c-7.681-21.529-12.12-46.363-12.12-72.235 0-61.263 24.891-116.712 65.111-156.786 39.326-39.792 93.895-64.431 154.219-64.431 26.857 0 52.573 4.884 76.309 13.812l-1.494-0.493z" class="path4" fill="rgb(130, 188, 0)"></path></svg></div></div></span>Stop &amp; Shop Cut Celery Sticks</h3></div><div class="product-grid-cell_price-container" role="link" data-block-spinner="true" data-product-id="186567"><div class="product-grid-cell_regular-price-container"><span class="product-grid-cell_was" aria-hidden="true"></span><span class="product-grid-cell_regular-price"></span></div><span class="product-grid-cell_main-price select-text product-grid-cell_main-price--on-sale">$2.50</span><span class="product-grid-cell_hidden-price"></span></div><span class="product-grid-cell_size select-text" role="link" data-block-spinner="true" data-product-id="186567">16 oz pkg</span><span data-block-spinner="true" data-product-id="186567"><span class="product-grid-cell_unit select-text"> | $0.16 / oz</span></span><div class="buy-more-save-more_cta-grid-container"></div><div class="add-to-cart"><div class="add-to-cart_button"><button class="button button--add-to-cart" data-product-id="186567" data-price="2.5" data-cart-log-location="BROWSE_AISLES" data-persisted-quantity="0" data-other-information="{&quot;catPath&quot;:&quot;1,2098,2275&quot;,&quot;sale&quot;:true,&quot;newArrival&quot;:false,&quot;sponsored&quot;:false,&quot;includeContentTrackingInfo&quot;:true}">Add to Cart</button></div><span class="element-invisible" aria-live="assertive"></span></div></div><div class="spyglass-container"></div></li><li role="region" tabindex="-1" aria-label="Mann&#39;s Family Favorites Broccoli Wokly Microwave Ready" class="product-cell product-grid-cell product-grid-cell--quad" data-id="5-&gt;118759" data-position="6"><div class="confirmation-wrapper confirmation-wrapper--hidden" id="confirmation-wrapper--118759"><div class="confirmation-whitewash"><div class="confirmation-dialog"><div class="confirmation-dialog_messages" tabindex="0"><h4 class="confirmation-dialog_message-headline">Remove This Item From Your Cart?</h4></div><div class="confirmation-dialog_action-container"><div class="confirmation-dialog_confirmation-button"><button class="button button--fourth" tabindex="0" data-product-id="118759" data-cart-log-location="BROWSE_AISLES" data-persisted-quantity="undefined" data-price="3.49">OK</button></div><div class="confirmation-dialog_cancel-button"><button class="button button--fourth" tabindex="0" data-product-id="118759">Cancel</button></div></div></div></div></div><div class="confirmation-wrapper" style="display: none;"><div class="confirmation-whitewash"></div></div><img src="./Produce_Packaged_Produce_Salads_files/YXX6O.jpg" alt="Mann&#39;s Family Favorites Broccoli Wokly Microwave Ready" class="product-grid-cell_main-image" data-block-spinner="true" data-product-id="118759"><div class="product-grid-cell_price-tag"><div class="product-grid-cell_name" role="link" tabindex="0" data-block-spinner="true" data-product-id="118759"><h3 class="product-grid-cell_name-text select-text">Mann's Family Favorites Broccoli Wokly Microwave Ready</h3></div><div class="product-grid-cell_price-container" role="link" data-block-spinner="true" data-product-id="118759"><div class="product-grid-cell_regular-price-container"><span class="product-grid-cell_was" aria-hidden="true"></span><span class="product-grid-cell_regular-price"></span></div><span class="product-grid-cell_main-price select-text">$3.49</span><span class="product-grid-cell_hidden-price"></span></div><span class="product-grid-cell_size select-text" role="link" data-block-spinner="true" data-product-id="118759">12 oz bag</span><span data-block-spinner="true" data-product-id="118759"><span class="product-grid-cell_unit select-text"> | $0.29 / oz</span></span><div class="buy-more-save-more_cta-grid-container"></div><div class="add-to-cart"><div class="add-to-cart_button"><button class="button button--add-to-cart" data-product-id="118759" data-price="3.49" data-cart-log-location="BROWSE_AISLES" data-persisted-quantity="0" data-other-information="{&quot;catPath&quot;:&quot;1,2098,2275&quot;,&quot;sale&quot;:false,&quot;newArrival&quot;:false,&quot;sponsored&quot;:false,&quot;includeContentTrackingInfo&quot;:true}">Add to Cart</button></div><span class="element-invisible" aria-live="assertive"></span></div></div><div class="spyglass-container"></div></li><li role="region" tabindex="-1" aria-label="Stop &amp; Shop Basics Salad Baby Spinach" class="product-cell product-grid-cell product-grid-cell--quad" data-id="6-&gt;118789" data-position="7"><div class="confirmation-wrapper confirmation-wrapper--hidden" id="confirmation-wrapper--118789"><div class="confirmation-whitewash"><div class="confirmation-dialog"><div class="confirmation-dialog_messages" tabindex="0"><h4 class="confirmation-dialog_message-headline">Remove This Item From Your Cart?</h4></div><div class="confirmation-dialog_action-container"><div class="confirmation-dialog_confirmation-button"><button class="button button--fourth" tabindex="0" data-product-id="118789" data-cart-log-location="BROWSE_AISLES" data-persisted-quantity="undefined" data-price="2.5">OK</button></div><div class="confirmation-dialog_cancel-button"><button class="button button--fourth" tabindex="0" data-product-id="118789">Cancel</button></div></div></div></div></div><div class="confirmation-wrapper" style="display: none;"><div class="confirmation-whitewash"></div></div><div class="item-detail_flag--outer-container"><div class="item-detail_flag--container"><div class="item-detail_flag--flag sale">Sale</div></div></div><img src="./Produce_Packaged_Produce_Salads_files/G19WR.jpg" alt="Stop &amp; Shop Basics Salad Baby Spinach" class="product-grid-cell_main-image" data-block-spinner="true" data-product-id="118789"><div class="product-grid-cell_price-tag"><div class="product-grid-cell_name" role="link" tabindex="0" data-block-spinner="true" data-product-id="118789"><h3 class="product-grid-cell_name-text select-text"><span class="vector-icon_inline-text--left"><div class="vector-icon_outer-wrapper"><div class="vector-icon_container vector-icon-size--xsmall"><svg version="1.1" x="0px" y="0px" focusable="false" viewBox="0 0 945 1024" class="" role="presentation" aria-hidden="true"><title>Ahold Wedge Icon</title><desc>Ahold Icon</desc><path d="M1.893 730.617c-1.289-2.094-2.052-4.631-2.052-7.346 0-0.747 0.058-1.481 0.169-2.197 0.158-12.396 10.227-22.466 22.687-22.634l895.306-0c12.476 0.168 22.545 10.237 22.713 22.698-0.521 3.721-1.182 6.924-2.024 10.053l0.131-0.574c-86.363 175.072-263.598 293.385-468.466 293.385s-382.103-118.313-467.105-290.339l-1.361-3.046z" class="path1" fill="rgb(247, 168, 0)"></path><path d="M107.889 132.495c1.893-1.893 1.893-3.786 3.786-5.678 2.98-3.491 7.385-5.69 12.303-5.69s9.323 2.199 12.284 5.668l0.019 0.022 476.983 476.983c3.491 2.98 5.69 7.385 5.69 12.303s-2.199 9.323-5.668 12.284c-1.399 1.869-3.361 3.216-5.631 3.789l-0.069 0.015c-38.446 13.732-82.796 21.669-129.001 21.669-108.416 0-206.626-43.699-277.977-114.443-70.367-71.826-113.809-170.317-113.809-278.955 0-45.803 7.722-89.803 21.936-130.767l-0.845 2.8z" class="path2" fill="rgb(226, 35, 26)"></path><path d="M600.015 1.893c1.247-1.204 2.948-1.946 4.822-1.946 0.302 0 0.6 0.019 0.891 0.057 0.057-0.006 0.164-0.007 0.272-0.007 7.15 0 12.947 5.796 12.947 12.947 0 0.108-0.001 0.215-0.004 0.322l0-0.016v503.482c0.002 0.091 0.004 0.199 0.004 0.306 0 7.15-5.796 12.947-12.947 12.947-0.108 0-0.215-0.001-0.322-0.004-0.241 0.034-0.539 0.053-0.841 0.053-1.874 0-3.574-0.742-4.824-1.948l0.002 0.002c-98.273-48.542-164.673-148.065-164.673-263.098s66.401-214.556 162.964-262.333l1.709-0.765z" class="path3" fill="rgb(113, 33, 119)"></path><path d="M938.824 283.919c1.893 0 1.893 1.893 3.786 1.893 1.765 2.012 2.841 4.666 2.841 7.571s-1.077 5.559-2.853 7.584l0.011-0.013-268.776 266.884c-2.012 1.765-4.666 2.841-7.571 2.841s-5.559-1.077-7.584-2.853c-1.144-0.651-1.911-1.879-1.911-3.285 0-0.172 0.012-0.342 0.034-0.508l-0.002 0.019c-7.681-21.529-12.12-46.363-12.12-72.235 0-61.263 24.891-116.712 65.111-156.786 39.326-39.792 93.895-64.431 154.219-64.431 26.857 0 52.573 4.884 76.309 13.812l-1.494-0.493z" class="path4" fill="rgb(130, 188, 0)"></path></svg></div></div></span>Stop &amp; Shop Basics Salad Baby Spinach</h3></div><div class="product-grid-cell_price-container" role="link" data-block-spinner="true" data-product-id="118789"><div class="product-grid-cell_regular-price-container"><span class="product-grid-cell_was" aria-hidden="true"></span><span class="product-grid-cell_regular-price"></span></div><span class="product-grid-cell_main-price select-text product-grid-cell_main-price--on-sale">$2.50</span><span class="product-grid-cell_hidden-price"></span></div><span class="product-grid-cell_size select-text" role="link" data-block-spinner="true" data-product-id="118789">6 oz bag</span><span data-block-spinner="true" data-product-id="118789"><span class="product-grid-cell_unit select-text"> | $0.42 / oz</span></span><div class="buy-more-save-more_cta-grid-container"></div><div class="add-to-cart"><div class="add-to-cart_button"><button class="button button--add-to-cart" data-product-id="118789" data-price="2.5" data-cart-log-location="BROWSE_AISLES" data-persisted-quantity="0" data-other-information="{&quot;catPath&quot;:&quot;1,2098,2275&quot;,&quot;sale&quot;:true,&quot;newArrival&quot;:false,&quot;sponsored&quot;:false,&quot;includeContentTrackingInfo&quot;:true}">Add to Cart</button></div><span class="element-invisible" aria-live="assertive"></span></div></div><div class="spyglass-container"></div></li><li role="region" tabindex="-1" aria-label="Stop &amp; Shop Carrots Peeled Baby Cut" class="product-cell product-grid-cell product-grid-cell--quad" data-id="7-&gt;118782" data-position="8"><div class="confirmation-wrapper confirmation-wrapper--hidden" id="confirmation-wrapper--118782"><div class="confirmation-whitewash"><div class="confirmation-dialog"><div class="confirmation-dialog_messages" tabindex="0"><h4 class="confirmation-dialog_message-headline">Remove This Item From Your Cart?</h4></div><div class="confirmation-dialog_action-container"><div class="confirmation-dialog_confirmation-button"><button class="button button--fourth" tabindex="0" data-product-id="118782" data-cart-log-location="BROWSE_AISLES" data-persisted-quantity="undefined" data-price="2.5">OK</button></div><div class="confirmation-dialog_cancel-button"><button class="button button--fourth" tabindex="0" data-product-id="118782">Cancel</button></div></div></div></div></div><div class="confirmation-wrapper" style="display: none;"><div class="confirmation-whitewash"></div></div><div class="item-detail_flag--outer-container"><div class="item-detail_flag--container"><div class="item-detail_flag--flag sale">Sale</div></div></div><img src="./Produce_Packaged_Produce_Salads_files/LDSQ2.jpg" alt="Stop &amp; Shop Carrots Peeled Baby Cut" class="product-grid-cell_main-image" data-block-spinner="true" data-product-id="118782"><div class="product-grid-cell_price-tag"><div class="product-grid-cell_name" role="link" tabindex="0" data-block-spinner="true" data-product-id="118782"><h3 class="product-grid-cell_name-text select-text"><span class="vector-icon_inline-text--left"><div class="vector-icon_outer-wrapper"><div class="vector-icon_container vector-icon-size--xsmall"><svg version="1.1" x="0px" y="0px" focusable="false" viewBox="0 0 945 1024" class="" role="presentation" aria-hidden="true"><title>Ahold Wedge Icon</title><desc>Ahold Icon</desc><path d="M1.893 730.617c-1.289-2.094-2.052-4.631-2.052-7.346 0-0.747 0.058-1.481 0.169-2.197 0.158-12.396 10.227-22.466 22.687-22.634l895.306-0c12.476 0.168 22.545 10.237 22.713 22.698-0.521 3.721-1.182 6.924-2.024 10.053l0.131-0.574c-86.363 175.072-263.598 293.385-468.466 293.385s-382.103-118.313-467.105-290.339l-1.361-3.046z" class="path1" fill="rgb(247, 168, 0)"></path><path d="M107.889 132.495c1.893-1.893 1.893-3.786 3.786-5.678 2.98-3.491 7.385-5.69 12.303-5.69s9.323 2.199 12.284 5.668l0.019 0.022 476.983 476.983c3.491 2.98 5.69 7.385 5.69 12.303s-2.199 9.323-5.668 12.284c-1.399 1.869-3.361 3.216-5.631 3.789l-0.069 0.015c-38.446 13.732-82.796 21.669-129.001 21.669-108.416 0-206.626-43.699-277.977-114.443-70.367-71.826-113.809-170.317-113.809-278.955 0-45.803 7.722-89.803 21.936-130.767l-0.845 2.8z" class="path2" fill="rgb(226, 35, 26)"></path><path d="M600.015 1.893c1.247-1.204 2.948-1.946 4.822-1.946 0.302 0 0.6 0.019 0.891 0.057 0.057-0.006 0.164-0.007 0.272-0.007 7.15 0 12.947 5.796 12.947 12.947 0 0.108-0.001 0.215-0.004 0.322l0-0.016v503.482c0.002 0.091 0.004 0.199 0.004 0.306 0 7.15-5.796 12.947-12.947 12.947-0.108 0-0.215-0.001-0.322-0.004-0.241 0.034-0.539 0.053-0.841 0.053-1.874 0-3.574-0.742-4.824-1.948l0.002 0.002c-98.273-48.542-164.673-148.065-164.673-263.098s66.401-214.556 162.964-262.333l1.709-0.765z" class="path3" fill="rgb(113, 33, 119)"></path><path d="M938.824 283.919c1.893 0 1.893 1.893 3.786 1.893 1.765 2.012 2.841 4.666 2.841 7.571s-1.077 5.559-2.853 7.584l0.011-0.013-268.776 266.884c-2.012 1.765-4.666 2.841-7.571 2.841s-5.559-1.077-7.584-2.853c-1.144-0.651-1.911-1.879-1.911-3.285 0-0.172 0.012-0.342 0.034-0.508l-0.002 0.019c-7.681-21.529-12.12-46.363-12.12-72.235 0-61.263 24.891-116.712 65.111-156.786 39.326-39.792 93.895-64.431 154.219-64.431 26.857 0 52.573 4.884 76.309 13.812l-1.494-0.493z" class="path4" fill="rgb(130, 188, 0)"></path></svg></div></div></span>Stop &amp; Shop Carrots Peeled Baby Cut</h3></div><div class="product-grid-cell_price-container" role="link" data-block-spinner="true" data-product-id="118782"><div class="product-grid-cell_regular-price-container"><span class="product-grid-cell_was" aria-hidden="true"></span><span class="product-grid-cell_regular-price"></span></div><span class="product-grid-cell_main-price select-text product-grid-cell_main-price--on-sale">$2.50</span><span class="product-grid-cell_hidden-price"></span></div><span class="product-grid-cell_size select-text" role="link" data-block-spinner="true" data-product-id="118782">32 oz bag</span><span data-block-spinner="true" data-product-id="118782"><span class="product-grid-cell_unit select-text"> | $0.08 / oz</span></span><div class="buy-more-save-more_cta-grid-container"></div><div class="add-to-cart"><div class="add-to-cart_button"><button class="button button--add-to-cart" data-product-id="118782" data-price="2.5" data-cart-log-location="BROWSE_AISLES" data-persisted-quantity="0" data-other-information="{&quot;catPath&quot;:&quot;1,2098,2275&quot;,&quot;sale&quot;:true,&quot;newArrival&quot;:false,&quot;sponsored&quot;:false,&quot;includeContentTrackingInfo&quot;:true}">Add to Cart</button></div><span class="element-invisible" aria-live="assertive"></span></div></div><div class="spyglass-container"></div></li><li role="region" tabindex="-1" aria-label="Dole Spinach All Natural" class="product-cell product-grid-cell product-grid-cell--quad" data-id="8-&gt;155493" data-position="9"><div class="confirmation-wrapper confirmation-wrapper--hidden" id="confirmation-wrapper--155493"><div class="confirmation-whitewash"><div class="confirmation-dialog"><div class="confirmation-dialog_messages" tabindex="0"><h4 class="confirmation-dialog_message-headline">Remove This Item From Your Cart?</h4></div><div class="confirmation-dialog_action-container"><div class="confirmation-dialog_confirmation-button"><button class="button button--fourth" tabindex="0" data-product-id="155493" data-cart-log-location="BROWSE_AISLES" data-persisted-quantity="undefined" data-price="2.5">OK</button></div><div class="confirmation-dialog_cancel-button"><button class="button button--fourth" tabindex="0" data-product-id="155493">Cancel</button></div></div></div></div></div><div class="confirmation-wrapper" style="display: none;"><div class="confirmation-whitewash"></div></div><div class="item-detail_flag--outer-container"><div class="item-detail_flag--container"><div class="item-detail_flag--flag sale">Sale</div></div></div><img src="./Produce_Packaged_Produce_Salads_files/D289C.jpg" alt="Dole Spinach All Natural" class="product-grid-cell_main-image" data-block-spinner="true" data-product-id="155493"><div class="product-grid-cell_price-tag"><div class="product-grid-cell_name" role="link" tabindex="0" data-block-spinner="true" data-product-id="155493"><h3 class="product-grid-cell_name-text select-text">Dole Spinach All Natural</h3></div><div class="product-grid-cell_price-container" role="link" data-block-spinner="true" data-product-id="155493"><div class="product-grid-cell_regular-price-container"><span class="product-grid-cell_was" aria-hidden="true"></span><span class="product-grid-cell_regular-price"></span></div><span class="product-grid-cell_main-price select-text product-grid-cell_main-price--on-sale">$2.50</span><span class="product-grid-cell_hidden-price"></span></div><span class="product-grid-cell_size select-text" role="link" data-block-spinner="true" data-product-id="155493">8 oz bag</span><span data-block-spinner="true" data-product-id="155493"><span class="product-grid-cell_unit select-text"> | $0.31 / oz</span></span><div class="buy-more-save-more_cta-grid-container"></div><div class="add-to-cart"><div class="add-to-cart_button"><button class="button button--add-to-cart" data-product-id="155493" data-price="2.5" data-cart-log-location="BROWSE_AISLES" data-persisted-quantity="0" data-other-information="{&quot;catPath&quot;:&quot;1,2098,2275&quot;,&quot;sale&quot;:true,&quot;newArrival&quot;:false,&quot;sponsored&quot;:false,&quot;includeContentTrackingInfo&quot;:true}">Add to Cart</button></div><span class="element-invisible" aria-live="assertive"></span></div></div><div class="spyglass-container"></div></li><li role="region" tabindex="-1" aria-label="Nature&#39;s Promise Organic Baby Spinach" class="product-cell product-grid-cell product-grid-cell--quad" data-id="9-&gt;159568" data-position="10"><div class="confirmation-wrapper confirmation-wrapper--hidden" id="confirmation-wrapper--159568"><div class="confirmation-whitewash"><div class="confirmation-dialog"><div class="confirmation-dialog_messages" tabindex="0"><h4 class="confirmation-dialog_message-headline">Remove This Item From Your Cart?</h4></div><div class="confirmation-dialog_action-container"><div class="confirmation-dialog_confirmation-button"><button class="button button--fourth" tabindex="0" data-product-id="159568" data-cart-log-location="BROWSE_AISLES" data-persisted-quantity="undefined" data-price="5">OK</button></div><div class="confirmation-dialog_cancel-button"><button class="button button--fourth" tabindex="0" data-product-id="159568">Cancel</button></div></div></div></div></div><div class="confirmation-wrapper" style="display: none;"><div class="confirmation-whitewash"></div></div><img src="./Produce_Packaged_Produce_Salads_files/JNJEB.jpg" alt="Nature&#39;s Promise Organic Baby Spinach" class="product-grid-cell_main-image" data-block-spinner="true" data-product-id="159568"><div class="product-grid-cell_price-tag"><div class="product-grid-cell_name" role="link" tabindex="0" data-block-spinner="true" data-product-id="159568"><h3 class="product-grid-cell_name-text select-text"><span class="vector-icon_inline-text--left"><div class="vector-icon_outer-wrapper"><div class="vector-icon_container vector-icon-size--xsmall"><svg version="1.1" x="0px" y="0px" focusable="false" viewBox="0 0 945 1024" class="" role="presentation" aria-hidden="true"><title>Ahold Wedge Icon</title><desc>Ahold Icon</desc><path d="M1.893 730.617c-1.289-2.094-2.052-4.631-2.052-7.346 0-0.747 0.058-1.481 0.169-2.197 0.158-12.396 10.227-22.466 22.687-22.634l895.306-0c12.476 0.168 22.545 10.237 22.713 22.698-0.521 3.721-1.182 6.924-2.024 10.053l0.131-0.574c-86.363 175.072-263.598 293.385-468.466 293.385s-382.103-118.313-467.105-290.339l-1.361-3.046z" class="path1" fill="rgb(247, 168, 0)"></path><path d="M107.889 132.495c1.893-1.893 1.893-3.786 3.786-5.678 2.98-3.491 7.385-5.69 12.303-5.69s9.323 2.199 12.284 5.668l0.019 0.022 476.983 476.983c3.491 2.98 5.69 7.385 5.69 12.303s-2.199 9.323-5.668 12.284c-1.399 1.869-3.361 3.216-5.631 3.789l-0.069 0.015c-38.446 13.732-82.796 21.669-129.001 21.669-108.416 0-206.626-43.699-277.977-114.443-70.367-71.826-113.809-170.317-113.809-278.955 0-45.803 7.722-89.803 21.936-130.767l-0.845 2.8z" class="path2" fill="rgb(226, 35, 26)"></path><path d="M600.015 1.893c1.247-1.204 2.948-1.946 4.822-1.946 0.302 0 0.6 0.019 0.891 0.057 0.057-0.006 0.164-0.007 0.272-0.007 7.15 0 12.947 5.796 12.947 12.947 0 0.108-0.001 0.215-0.004 0.322l0-0.016v503.482c0.002 0.091 0.004 0.199 0.004 0.306 0 7.15-5.796 12.947-12.947 12.947-0.108 0-0.215-0.001-0.322-0.004-0.241 0.034-0.539 0.053-0.841 0.053-1.874 0-3.574-0.742-4.824-1.948l0.002 0.002c-98.273-48.542-164.673-148.065-164.673-263.098s66.401-214.556 162.964-262.333l1.709-0.765z" class="path3" fill="rgb(113, 33, 119)"></path><path d="M938.824 283.919c1.893 0 1.893 1.893 3.786 1.893 1.765 2.012 2.841 4.666 2.841 7.571s-1.077 5.559-2.853 7.584l0.011-0.013-268.776 266.884c-2.012 1.765-4.666 2.841-7.571 2.841s-5.559-1.077-7.584-2.853c-1.144-0.651-1.911-1.879-1.911-3.285 0-0.172 0.012-0.342 0.034-0.508l-0.002 0.019c-7.681-21.529-12.12-46.363-12.12-72.235 0-61.263 24.891-116.712 65.111-156.786 39.326-39.792 93.895-64.431 154.219-64.431 26.857 0 52.573 4.884 76.309 13.812l-1.494-0.493z" class="path4" fill="rgb(130, 188, 0)"></path></svg></div></div></span>Nature's Promise Organic Baby Spinach</h3></div><div class="product-grid-cell_price-container" role="link" data-block-spinner="true" data-product-id="159568"><div class="product-grid-cell_regular-price-container"><span class="product-grid-cell_was" aria-hidden="true"></span><span class="product-grid-cell_regular-price"></span></div><span class="product-grid-cell_main-price select-text">$5.00</span><span class="product-grid-cell_hidden-price"></span></div><span class="product-grid-cell_size select-text" role="link" data-block-spinner="true" data-product-id="159568">11 oz pkg</span><span data-block-spinner="true" data-product-id="159568"><span class="product-grid-cell_unit select-text"> | $0.45 / oz</span></span><div class="buy-more-save-more_cta-grid-container"></div><div class="add-to-cart"><div class="add-to-cart_button"><button class="button button--add-to-cart" data-product-id="159568" data-price="5" data-cart-log-location="BROWSE_AISLES" data-persisted-quantity="0" data-other-information="{&quot;catPath&quot;:&quot;1,2098,2275&quot;,&quot;sale&quot;:false,&quot;newArrival&quot;:false,&quot;sponsored&quot;:false,&quot;includeContentTrackingInfo&quot;:true}">Add to Cart</button></div><span class="element-invisible" aria-live="assertive"></span></div></div><div class="spyglass-container"></div></li><li role="region" tabindex="-1" aria-label="Dole Iceberg Lettuce Shredded" class="product-cell product-grid-cell product-grid-cell--quad" data-id="10-&gt;128681" data-position="11"><div class="confirmation-wrapper confirmation-wrapper--hidden" id="confirmation-wrapper--128681"><div class="confirmation-whitewash"><div class="confirmation-dialog"><div class="confirmation-dialog_messages" tabindex="0"><h4 class="confirmation-dialog_message-headline">Remove This Item From Your Cart?</h4></div><div class="confirmation-dialog_action-container"><div class="confirmation-dialog_confirmation-button"><button class="button button--fourth" tabindex="0" data-product-id="128681" data-cart-log-location="BROWSE_AISLES" data-persisted-quantity="undefined" data-price="2.39">OK</button></div><div class="confirmation-dialog_cancel-button"><button class="button button--fourth" tabindex="0" data-product-id="128681">Cancel</button></div></div></div></div></div><div class="confirmation-wrapper" style="display: none;"><div class="confirmation-whitewash"></div></div><img src="./Produce_Packaged_Produce_Salads_files/0VCVK.jpg" alt="Dole Iceberg Lettuce Shredded" class="product-grid-cell_main-image" data-block-spinner="true" data-product-id="128681"><div class="product-grid-cell_price-tag"><div class="product-grid-cell_name" role="link" tabindex="0" data-block-spinner="true" data-product-id="128681"><h3 class="product-grid-cell_name-text select-text">Dole Iceberg Lettuce Shredded</h3></div><div class="product-grid-cell_price-container" role="link" data-block-spinner="true" data-product-id="128681"><div class="product-grid-cell_regular-price-container"><span class="product-grid-cell_was" aria-hidden="true"></span><span class="product-grid-cell_regular-price"></span></div><span class="product-grid-cell_main-price select-text">$2.39</span><span class="product-grid-cell_hidden-price"></span></div><span class="product-grid-cell_size select-text" role="link" data-block-spinner="true" data-product-id="128681">8 oz bag</span><span data-block-spinner="true" data-product-id="128681"><span class="product-grid-cell_unit select-text"> | $0.30 / oz</span></span><div class="buy-more-save-more_cta-grid-container"></div><div class="add-to-cart"><div class="add-to-cart_button"><button class="button button--add-to-cart" data-product-id="128681" data-price="2.39" data-cart-log-location="BROWSE_AISLES" data-persisted-quantity="0" data-other-information="{&quot;catPath&quot;:&quot;1,2098,2275&quot;,&quot;sale&quot;:false,&quot;newArrival&quot;:false,&quot;sponsored&quot;:false,&quot;includeContentTrackingInfo&quot;:true}">Add to Cart</button></div><span class="element-invisible" aria-live="assertive"></span></div></div><div class="spyglass-container"></div></li><li role="region" tabindex="-1" aria-label="Dole Salad Baby Spinach" class="product-cell product-grid-cell product-grid-cell--quad" data-id="11-&gt;140690" data-position="12"><div class="confirmation-wrapper confirmation-wrapper--hidden" id="confirmation-wrapper--140690"><div class="confirmation-whitewash"><div class="confirmation-dialog"><div class="confirmation-dialog_messages" tabindex="0"><h4 class="confirmation-dialog_message-headline">Remove This Item From Your Cart?</h4></div><div class="confirmation-dialog_action-container"><div class="confirmation-dialog_confirmation-button"><button class="button button--fourth" tabindex="0" data-product-id="140690" data-cart-log-location="BROWSE_AISLES" data-persisted-quantity="undefined" data-price="2.5">OK</button></div><div class="confirmation-dialog_cancel-button"><button class="button button--fourth" tabindex="0" data-product-id="140690">Cancel</button></div></div></div></div></div><div class="confirmation-wrapper" style="display: none;"><div class="confirmation-whitewash"></div></div><div class="item-detail_flag--outer-container"><div class="item-detail_flag--container"><div class="item-detail_flag--flag sale">Sale</div></div></div><img src="./Produce_Packaged_Produce_Salads_files/YO9XM.jpg" alt="Dole Salad Baby Spinach" class="product-grid-cell_main-image" data-block-spinner="true" data-product-id="140690"><div class="product-grid-cell_price-tag"><div class="product-grid-cell_name" role="link" tabindex="0" data-block-spinner="true" data-product-id="140690"><h3 class="product-grid-cell_name-text select-text">Dole Salad Baby Spinach</h3></div><div class="product-grid-cell_price-container" role="link" data-block-spinner="true" data-product-id="140690"><div class="product-grid-cell_regular-price-container"><span class="product-grid-cell_was" aria-hidden="true"></span><span class="product-grid-cell_regular-price"></span></div><span class="product-grid-cell_main-price select-text product-grid-cell_main-price--on-sale">$2.50</span><span class="product-grid-cell_hidden-price"></span></div><span class="product-grid-cell_size select-text" role="link" data-block-spinner="true" data-product-id="140690">6 oz bag</span><span data-block-spinner="true" data-product-id="140690"><span class="product-grid-cell_unit select-text"> | $0.42 / oz</span></span><div class="buy-more-save-more_cta-grid-container"></div><div class="add-to-cart"><div class="add-to-cart_button"><button class="button button--add-to-cart" data-product-id="140690" data-price="2.5" data-cart-log-location="BROWSE_AISLES" data-persisted-quantity="0" data-other-information="{&quot;catPath&quot;:&quot;1,2098,2275&quot;,&quot;sale&quot;:true,&quot;newArrival&quot;:false,&quot;sponsored&quot;:false,&quot;includeContentTrackingInfo&quot;:true}">Add to Cart</button></div><span class="element-invisible" aria-live="assertive"></span></div></div><div class="spyglass-container"></div></li><li role="region" tabindex="-1" aria-label="Stop &amp; Shop Matchstix Carrots (Shredded Carrots)" class="product-cell product-grid-cell product-grid-cell--quad" data-id="12-&gt;214960" data-position="13"><div class="confirmation-wrapper confirmation-wrapper--hidden" id="confirmation-wrapper--214960"><div class="confirmation-whitewash"><div class="confirmation-dialog"><div class="confirmation-dialog_messages" tabindex="0"><h4 class="confirmation-dialog_message-headline">Remove This Item From Your Cart?</h4></div><div class="confirmation-dialog_action-container"><div class="confirmation-dialog_confirmation-button"><button class="button button--fourth" tabindex="0" data-product-id="214960" data-cart-log-location="BROWSE_AISLES" data-persisted-quantity="undefined" data-price="2.09">OK</button></div><div class="confirmation-dialog_cancel-button"><button class="button button--fourth" tabindex="0" data-product-id="214960">Cancel</button></div></div></div></div></div><div class="confirmation-wrapper" style="display: none;"><div class="confirmation-whitewash"></div></div><img src="./Produce_Packaged_Produce_Salads_files/6PORJ.jpg" alt="Stop &amp; Shop Matchstix Carrots (Shredded Carrots)" class="product-grid-cell_main-image" data-block-spinner="true" data-product-id="214960"><div class="product-grid-cell_price-tag"><div class="product-grid-cell_name" role="link" tabindex="0" data-block-spinner="true" data-product-id="214960"><h3 class="product-grid-cell_name-text select-text"><span class="vector-icon_inline-text--left"><div class="vector-icon_outer-wrapper"><div class="vector-icon_container vector-icon-size--xsmall"><svg version="1.1" x="0px" y="0px" focusable="false" viewBox="0 0 945 1024" class="" role="presentation" aria-hidden="true"><title>Ahold Wedge Icon</title><desc>Ahold Icon</desc><path d="M1.893 730.617c-1.289-2.094-2.052-4.631-2.052-7.346 0-0.747 0.058-1.481 0.169-2.197 0.158-12.396 10.227-22.466 22.687-22.634l895.306-0c12.476 0.168 22.545 10.237 22.713 22.698-0.521 3.721-1.182 6.924-2.024 10.053l0.131-0.574c-86.363 175.072-263.598 293.385-468.466 293.385s-382.103-118.313-467.105-290.339l-1.361-3.046z" class="path1" fill="rgb(247, 168, 0)"></path><path d="M107.889 132.495c1.893-1.893 1.893-3.786 3.786-5.678 2.98-3.491 7.385-5.69 12.303-5.69s9.323 2.199 12.284 5.668l0.019 0.022 476.983 476.983c3.491 2.98 5.69 7.385 5.69 12.303s-2.199 9.323-5.668 12.284c-1.399 1.869-3.361 3.216-5.631 3.789l-0.069 0.015c-38.446 13.732-82.796 21.669-129.001 21.669-108.416 0-206.626-43.699-277.977-114.443-70.367-71.826-113.809-170.317-113.809-278.955 0-45.803 7.722-89.803 21.936-130.767l-0.845 2.8z" class="path2" fill="rgb(226, 35, 26)"></path><path d="M600.015 1.893c1.247-1.204 2.948-1.946 4.822-1.946 0.302 0 0.6 0.019 0.891 0.057 0.057-0.006 0.164-0.007 0.272-0.007 7.15 0 12.947 5.796 12.947 12.947 0 0.108-0.001 0.215-0.004 0.322l0-0.016v503.482c0.002 0.091 0.004 0.199 0.004 0.306 0 7.15-5.796 12.947-12.947 12.947-0.108 0-0.215-0.001-0.322-0.004-0.241 0.034-0.539 0.053-0.841 0.053-1.874 0-3.574-0.742-4.824-1.948l0.002 0.002c-98.273-48.542-164.673-148.065-164.673-263.098s66.401-214.556 162.964-262.333l1.709-0.765z" class="path3" fill="rgb(113, 33, 119)"></path><path d="M938.824 283.919c1.893 0 1.893 1.893 3.786 1.893 1.765 2.012 2.841 4.666 2.841 7.571s-1.077 5.559-2.853 7.584l0.011-0.013-268.776 266.884c-2.012 1.765-4.666 2.841-7.571 2.841s-5.559-1.077-7.584-2.853c-1.144-0.651-1.911-1.879-1.911-3.285 0-0.172 0.012-0.342 0.034-0.508l-0.002 0.019c-7.681-21.529-12.12-46.363-12.12-72.235 0-61.263 24.891-116.712 65.111-156.786 39.326-39.792 93.895-64.431 154.219-64.431 26.857 0 52.573 4.884 76.309 13.812l-1.494-0.493z" class="path4" fill="rgb(130, 188, 0)"></path></svg></div></div></span>Stop &amp; Shop Matchstix Carrots (Shredded Carrots)</h3></div><div class="product-grid-cell_price-container" role="link" data-block-spinner="true" data-product-id="214960"><div class="product-grid-cell_regular-price-container"><span class="product-grid-cell_was" aria-hidden="true"></span><span class="product-grid-cell_regular-price"></span></div><span class="product-grid-cell_main-price select-text">$2.09</span><span class="product-grid-cell_hidden-price"></span></div><span class="product-grid-cell_size select-text" role="link" data-block-spinner="true" data-product-id="214960">10 oz bag</span><span data-block-spinner="true" data-product-id="214960"><span class="product-grid-cell_unit select-text"> | $0.21 / oz</span></span><div class="buy-more-save-more_cta-grid-container"></div><div class="add-to-cart"><div class="add-to-cart_button"><button class="button button--add-to-cart" data-product-id="214960" data-price="2.09" data-cart-log-location="BROWSE_AISLES" data-persisted-quantity="0" data-other-information="{&quot;catPath&quot;:&quot;1,2098,2275&quot;,&quot;sale&quot;:false,&quot;newArrival&quot;:false,&quot;sponsored&quot;:false,&quot;includeContentTrackingInfo&quot;:true}">Add to Cart</button></div><span class="element-invisible" aria-live="assertive"></span></div></div><div class="spyglass-container"></div></li><li role="region" tabindex="-1" aria-label="Stop &amp; Shop Salad Basics Baby Arugula" class="product-cell product-grid-cell product-grid-cell--quad" data-id="13-&gt;128643" data-position="14"><div class="confirmation-wrapper confirmation-wrapper--hidden" id="confirmation-wrapper--128643"><div class="confirmation-whitewash"><div class="confirmation-dialog"><div class="confirmation-dialog_messages" tabindex="0"><h4 class="confirmation-dialog_message-headline">Remove This Item From Your Cart?</h4></div><div class="confirmation-dialog_action-container"><div class="confirmation-dialog_confirmation-button"><button class="button button--fourth" tabindex="0" data-product-id="128643" data-cart-log-location="BROWSE_AISLES" data-persisted-quantity="undefined" data-price="2.5">OK</button></div><div class="confirmation-dialog_cancel-button"><button class="button button--fourth" tabindex="0" data-product-id="128643">Cancel</button></div></div></div></div></div><div class="confirmation-wrapper" style="display: none;"><div class="confirmation-whitewash"></div></div><div class="item-detail_flag--outer-container"><div class="item-detail_flag--container"><div class="item-detail_flag--flag sale">Sale</div></div></div><img src="./Produce_Packaged_Produce_Salads_files/TYQUM.jpg" alt="Stop &amp; Shop Salad Basics Baby Arugula" class="product-grid-cell_main-image" data-block-spinner="true" data-product-id="128643"><div class="product-grid-cell_price-tag"><div class="product-grid-cell_name" role="link" tabindex="0" data-block-spinner="true" data-product-id="128643"><h3 class="product-grid-cell_name-text select-text"><span class="vector-icon_inline-text--left"><div class="vector-icon_outer-wrapper"><div class="vector-icon_container vector-icon-size--xsmall"><svg version="1.1" x="0px" y="0px" focusable="false" viewBox="0 0 945 1024" class="" role="presentation" aria-hidden="true"><title>Ahold Wedge Icon</title><desc>Ahold Icon</desc><path d="M1.893 730.617c-1.289-2.094-2.052-4.631-2.052-7.346 0-0.747 0.058-1.481 0.169-2.197 0.158-12.396 10.227-22.466 22.687-22.634l895.306-0c12.476 0.168 22.545 10.237 22.713 22.698-0.521 3.721-1.182 6.924-2.024 10.053l0.131-0.574c-86.363 175.072-263.598 293.385-468.466 293.385s-382.103-118.313-467.105-290.339l-1.361-3.046z" class="path1" fill="rgb(247, 168, 0)"></path><path d="M107.889 132.495c1.893-1.893 1.893-3.786 3.786-5.678 2.98-3.491 7.385-5.69 12.303-5.69s9.323 2.199 12.284 5.668l0.019 0.022 476.983 476.983c3.491 2.98 5.69 7.385 5.69 12.303s-2.199 9.323-5.668 12.284c-1.399 1.869-3.361 3.216-5.631 3.789l-0.069 0.015c-38.446 13.732-82.796 21.669-129.001 21.669-108.416 0-206.626-43.699-277.977-114.443-70.367-71.826-113.809-170.317-113.809-278.955 0-45.803 7.722-89.803 21.936-130.767l-0.845 2.8z" class="path2" fill="rgb(226, 35, 26)"></path><path d="M600.015 1.893c1.247-1.204 2.948-1.946 4.822-1.946 0.302 0 0.6 0.019 0.891 0.057 0.057-0.006 0.164-0.007 0.272-0.007 7.15 0 12.947 5.796 12.947 12.947 0 0.108-0.001 0.215-0.004 0.322l0-0.016v503.482c0.002 0.091 0.004 0.199 0.004 0.306 0 7.15-5.796 12.947-12.947 12.947-0.108 0-0.215-0.001-0.322-0.004-0.241 0.034-0.539 0.053-0.841 0.053-1.874 0-3.574-0.742-4.824-1.948l0.002 0.002c-98.273-48.542-164.673-148.065-164.673-263.098s66.401-214.556 162.964-262.333l1.709-0.765z" class="path3" fill="rgb(113, 33, 119)"></path><path d="M938.824 283.919c1.893 0 1.893 1.893 3.786 1.893 1.765 2.012 2.841 4.666 2.841 7.571s-1.077 5.559-2.853 7.584l0.011-0.013-268.776 266.884c-2.012 1.765-4.666 2.841-7.571 2.841s-5.559-1.077-7.584-2.853c-1.144-0.651-1.911-1.879-1.911-3.285 0-0.172 0.012-0.342 0.034-0.508l-0.002 0.019c-7.681-21.529-12.12-46.363-12.12-72.235 0-61.263 24.891-116.712 65.111-156.786 39.326-39.792 93.895-64.431 154.219-64.431 26.857 0 52.573 4.884 76.309 13.812l-1.494-0.493z" class="path4" fill="rgb(130, 188, 0)"></path></svg></div></div></span>Stop &amp; Shop Salad Basics Baby Arugula</h3></div><div class="product-grid-cell_price-container" role="link" data-block-spinner="true" data-product-id="128643"><div class="product-grid-cell_regular-price-container"><span class="product-grid-cell_was" aria-hidden="true"></span><span class="product-grid-cell_regular-price"></span></div><span class="product-grid-cell_main-price select-text product-grid-cell_main-price--on-sale">$2.50</span><span class="product-grid-cell_hidden-price"></span></div><span class="product-grid-cell_size select-text" role="link" data-block-spinner="true" data-product-id="128643">5 oz bag</span><span data-block-spinner="true" data-product-id="128643"><span class="product-grid-cell_unit select-text"> | $0.50 / oz</span></span><div class="buy-more-save-more_cta-grid-container"></div><div class="add-to-cart"><div class="add-to-cart_button"><button class="button button--add-to-cart" data-product-id="128643" data-price="2.5" data-cart-log-location="BROWSE_AISLES" data-persisted-quantity="0" data-other-information="{&quot;catPath&quot;:&quot;1,2098,2275&quot;,&quot;sale&quot;:true,&quot;newArrival&quot;:false,&quot;sponsored&quot;:false,&quot;includeContentTrackingInfo&quot;:true}">Add to Cart</button></div><span class="element-invisible" aria-live="assertive"></span></div></div><div class="spyglass-container"></div></li><li role="region" tabindex="-1" aria-label="Stop &amp; Shop Spinach Ready to Microwave" class="product-cell product-grid-cell product-grid-cell--quad" data-id="14-&gt;194915" data-position="15"><div class="confirmation-wrapper confirmation-wrapper--hidden" id="confirmation-wrapper--194915"><div class="confirmation-whitewash"><div class="confirmation-dialog"><div class="confirmation-dialog_messages" tabindex="0"><h4 class="confirmation-dialog_message-headline">Remove This Item From Your Cart?</h4></div><div class="confirmation-dialog_action-container"><div class="confirmation-dialog_confirmation-button"><button class="button button--fourth" tabindex="0" data-product-id="194915" data-cart-log-location="BROWSE_AISLES" data-persisted-quantity="undefined" data-price="3.19">OK</button></div><div class="confirmation-dialog_cancel-button"><button class="button button--fourth" tabindex="0" data-product-id="194915">Cancel</button></div></div></div></div></div><div class="confirmation-wrapper" style="display: none;"><div class="confirmation-whitewash"></div></div><img src="./Produce_Packaged_Produce_Salads_files/P96BP.jpg" alt="Stop &amp; Shop Spinach Ready to Microwave" class="product-grid-cell_main-image" data-block-spinner="true" data-product-id="194915"><div class="product-grid-cell_price-tag"><div class="product-grid-cell_name" role="link" tabindex="0" data-block-spinner="true" data-product-id="194915"><h3 class="product-grid-cell_name-text select-text"><span class="vector-icon_inline-text--left"><div class="vector-icon_outer-wrapper"><div class="vector-icon_container vector-icon-size--xsmall"><svg version="1.1" x="0px" y="0px" focusable="false" viewBox="0 0 945 1024" class="" role="presentation" aria-hidden="true"><title>Ahold Wedge Icon</title><desc>Ahold Icon</desc><path d="M1.893 730.617c-1.289-2.094-2.052-4.631-2.052-7.346 0-0.747 0.058-1.481 0.169-2.197 0.158-12.396 10.227-22.466 22.687-22.634l895.306-0c12.476 0.168 22.545 10.237 22.713 22.698-0.521 3.721-1.182 6.924-2.024 10.053l0.131-0.574c-86.363 175.072-263.598 293.385-468.466 293.385s-382.103-118.313-467.105-290.339l-1.361-3.046z" class="path1" fill="rgb(247, 168, 0)"></path><path d="M107.889 132.495c1.893-1.893 1.893-3.786 3.786-5.678 2.98-3.491 7.385-5.69 12.303-5.69s9.323 2.199 12.284 5.668l0.019 0.022 476.983 476.983c3.491 2.98 5.69 7.385 5.69 12.303s-2.199 9.323-5.668 12.284c-1.399 1.869-3.361 3.216-5.631 3.789l-0.069 0.015c-38.446 13.732-82.796 21.669-129.001 21.669-108.416 0-206.626-43.699-277.977-114.443-70.367-71.826-113.809-170.317-113.809-278.955 0-45.803 7.722-89.803 21.936-130.767l-0.845 2.8z" class="path2" fill="rgb(226, 35, 26)"></path><path d="M600.015 1.893c1.247-1.204 2.948-1.946 4.822-1.946 0.302 0 0.6 0.019 0.891 0.057 0.057-0.006 0.164-0.007 0.272-0.007 7.15 0 12.947 5.796 12.947 12.947 0 0.108-0.001 0.215-0.004 0.322l0-0.016v503.482c0.002 0.091 0.004 0.199 0.004 0.306 0 7.15-5.796 12.947-12.947 12.947-0.108 0-0.215-0.001-0.322-0.004-0.241 0.034-0.539 0.053-0.841 0.053-1.874 0-3.574-0.742-4.824-1.948l0.002 0.002c-98.273-48.542-164.673-148.065-164.673-263.098s66.401-214.556 162.964-262.333l1.709-0.765z" class="path3" fill="rgb(113, 33, 119)"></path><path d="M938.824 283.919c1.893 0 1.893 1.893 3.786 1.893 1.765 2.012 2.841 4.666 2.841 7.571s-1.077 5.559-2.853 7.584l0.011-0.013-268.776 266.884c-2.012 1.765-4.666 2.841-7.571 2.841s-5.559-1.077-7.584-2.853c-1.144-0.651-1.911-1.879-1.911-3.285 0-0.172 0.012-0.342 0.034-0.508l-0.002 0.019c-7.681-21.529-12.12-46.363-12.12-72.235 0-61.263 24.891-116.712 65.111-156.786 39.326-39.792 93.895-64.431 154.219-64.431 26.857 0 52.573 4.884 76.309 13.812l-1.494-0.493z" class="path4" fill="rgb(130, 188, 0)"></path></svg></div></div></span>Stop &amp; Shop Spinach Ready to Microwave</h3></div><div class="product-grid-cell_price-container" role="link" data-block-spinner="true" data-product-id="194915"><div class="product-grid-cell_regular-price-container"><span class="product-grid-cell_was" aria-hidden="true"></span><span class="product-grid-cell_regular-price"></span></div><span class="product-grid-cell_main-price select-text">$3.19</span><span class="product-grid-cell_hidden-price"></span></div><span class="product-grid-cell_size select-text" role="link" data-block-spinner="true" data-product-id="194915">9 oz bag</span><span data-block-spinner="true" data-product-id="194915"><span class="product-grid-cell_unit select-text"> | $0.35 / oz</span></span><div class="buy-more-save-more_cta-grid-container"></div><div class="add-to-cart"><div class="add-to-cart_button"><button class="button button--add-to-cart" data-product-id="194915" data-price="3.19" data-cart-log-location="BROWSE_AISLES" data-persisted-quantity="0" data-other-information="{&quot;catPath&quot;:&quot;1,2098,2275&quot;,&quot;sale&quot;:false,&quot;newArrival&quot;:false,&quot;sponsored&quot;:false,&quot;includeContentTrackingInfo&quot;:true}">Add to Cart</button></div><span class="element-invisible" aria-live="assertive"></span></div></div><div class="spyglass-container"></div></li><li role="region" tabindex="-1" aria-label="Nature&#39;s Promise Organic Baby Arugula" class="product-cell product-grid-cell product-grid-cell--quad" data-id="15-&gt;212387" data-position="16"><div class="confirmation-wrapper confirmation-wrapper--hidden" id="confirmation-wrapper--212387"><div class="confirmation-whitewash"><div class="confirmation-dialog"><div class="confirmation-dialog_messages" tabindex="0"><h4 class="confirmation-dialog_message-headline">Remove This Item From Your Cart?</h4></div><div class="confirmation-dialog_action-container"><div class="confirmation-dialog_confirmation-button"><button class="button button--fourth" tabindex="0" data-product-id="212387" data-cart-log-location="BROWSE_AISLES" data-persisted-quantity="undefined" data-price="3.49">OK</button></div><div class="confirmation-dialog_cancel-button"><button class="button button--fourth" tabindex="0" data-product-id="212387">Cancel</button></div></div></div></div></div><div class="confirmation-wrapper" style="display: none;"><div class="confirmation-whitewash"></div></div><img src="./Produce_Packaged_Produce_Salads_files/ACH1B.jpg" alt="Nature&#39;s Promise Organic Baby Arugula" class="product-grid-cell_main-image" data-block-spinner="true" data-product-id="212387"><div class="product-grid-cell_price-tag"><div class="product-grid-cell_name" role="link" tabindex="0" data-block-spinner="true" data-product-id="212387"><h3 class="product-grid-cell_name-text select-text"><span class="vector-icon_inline-text--left"><div class="vector-icon_outer-wrapper"><div class="vector-icon_container vector-icon-size--xsmall"><svg version="1.1" x="0px" y="0px" focusable="false" viewBox="0 0 945 1024" class="" role="presentation" aria-hidden="true"><title>Ahold Wedge Icon</title><desc>Ahold Icon</desc><path d="M1.893 730.617c-1.289-2.094-2.052-4.631-2.052-7.346 0-0.747 0.058-1.481 0.169-2.197 0.158-12.396 10.227-22.466 22.687-22.634l895.306-0c12.476 0.168 22.545 10.237 22.713 22.698-0.521 3.721-1.182 6.924-2.024 10.053l0.131-0.574c-86.363 175.072-263.598 293.385-468.466 293.385s-382.103-118.313-467.105-290.339l-1.361-3.046z" class="path1" fill="rgb(247, 168, 0)"></path><path d="M107.889 132.495c1.893-1.893 1.893-3.786 3.786-5.678 2.98-3.491 7.385-5.69 12.303-5.69s9.323 2.199 12.284 5.668l0.019 0.022 476.983 476.983c3.491 2.98 5.69 7.385 5.69 12.303s-2.199 9.323-5.668 12.284c-1.399 1.869-3.361 3.216-5.631 3.789l-0.069 0.015c-38.446 13.732-82.796 21.669-129.001 21.669-108.416 0-206.626-43.699-277.977-114.443-70.367-71.826-113.809-170.317-113.809-278.955 0-45.803 7.722-89.803 21.936-130.767l-0.845 2.8z" class="path2" fill="rgb(226, 35, 26)"></path><path d="M600.015 1.893c1.247-1.204 2.948-1.946 4.822-1.946 0.302 0 0.6 0.019 0.891 0.057 0.057-0.006 0.164-0.007 0.272-0.007 7.15 0 12.947 5.796 12.947 12.947 0 0.108-0.001 0.215-0.004 0.322l0-0.016v503.482c0.002 0.091 0.004 0.199 0.004 0.306 0 7.15-5.796 12.947-12.947 12.947-0.108 0-0.215-0.001-0.322-0.004-0.241 0.034-0.539 0.053-0.841 0.053-1.874 0-3.574-0.742-4.824-1.948l0.002 0.002c-98.273-48.542-164.673-148.065-164.673-263.098s66.401-214.556 162.964-262.333l1.709-0.765z" class="path3" fill="rgb(113, 33, 119)"></path><path d="M938.824 283.919c1.893 0 1.893 1.893 3.786 1.893 1.765 2.012 2.841 4.666 2.841 7.571s-1.077 5.559-2.853 7.584l0.011-0.013-268.776 266.884c-2.012 1.765-4.666 2.841-7.571 2.841s-5.559-1.077-7.584-2.853c-1.144-0.651-1.911-1.879-1.911-3.285 0-0.172 0.012-0.342 0.034-0.508l-0.002 0.019c-7.681-21.529-12.12-46.363-12.12-72.235 0-61.263 24.891-116.712 65.111-156.786 39.326-39.792 93.895-64.431 154.219-64.431 26.857 0 52.573 4.884 76.309 13.812l-1.494-0.493z" class="path4" fill="rgb(130, 188, 0)"></path></svg></div></div></span>Nature's Promise Organic Baby Arugula</h3></div><div class="product-grid-cell_price-container" role="link" data-block-spinner="true" data-product-id="212387"><div class="product-grid-cell_regular-price-container"><span class="product-grid-cell_was" aria-hidden="true"></span><span class="product-grid-cell_regular-price"></span></div><span class="product-grid-cell_main-price select-text">$3.49</span><span class="product-grid-cell_hidden-price"></span></div><span class="product-grid-cell_size select-text" role="link" data-block-spinner="true" data-product-id="212387">5 oz pkg</span><span data-block-spinner="true" data-product-id="212387"><span class="product-grid-cell_unit select-text"> | $0.70 / oz</span></span><div class="buy-more-save-more_cta-grid-container"></div><div class="add-to-cart"><div class="add-to-cart_button"><button class="button button--add-to-cart" data-product-id="212387" data-price="3.49" data-cart-log-location="BROWSE_AISLES" data-persisted-quantity="0" data-other-information="{&quot;catPath&quot;:&quot;1,2098,2275&quot;,&quot;sale&quot;:false,&quot;newArrival&quot;:false,&quot;sponsored&quot;:false,&quot;includeContentTrackingInfo&quot;:true}">Add to Cart</button></div><span class="element-invisible" aria-live="assertive"></span></div></div><div class="spyglass-container"></div></li><li role="region" tabindex="-1" aria-label="Nature&#39;s Promise Organic Baby Spinach &amp; Kale" class="product-cell product-grid-cell product-grid-cell--quad" data-id="16-&gt;212391" data-position="17"><div class="confirmation-wrapper confirmation-wrapper--hidden" id="confirmation-wrapper--212391"><div class="confirmation-whitewash"><div class="confirmation-dialog"><div class="confirmation-dialog_messages" tabindex="0"><h4 class="confirmation-dialog_message-headline">Remove This Item From Your Cart?</h4></div><div class="confirmation-dialog_action-container"><div class="confirmation-dialog_confirmation-button"><button class="button button--fourth" tabindex="0" data-product-id="212391" data-cart-log-location="BROWSE_AISLES" data-persisted-quantity="undefined" data-price="3.49">OK</button></div><div class="confirmation-dialog_cancel-button"><button class="button button--fourth" tabindex="0" data-product-id="212391">Cancel</button></div></div></div></div></div><div class="confirmation-wrapper" style="display: none;"><div class="confirmation-whitewash"></div></div><img src="./Produce_Packaged_Produce_Salads_files/K8UBG.jpg" alt="Nature&#39;s Promise Organic Baby Spinach &amp; Kale" class="product-grid-cell_main-image" data-block-spinner="true" data-product-id="212391"><div class="product-grid-cell_price-tag"><div class="product-grid-cell_name" role="link" tabindex="0" data-block-spinner="true" data-product-id="212391"><h3 class="product-grid-cell_name-text select-text"><span class="vector-icon_inline-text--left"><div class="vector-icon_outer-wrapper"><div class="vector-icon_container vector-icon-size--xsmall"><svg version="1.1" x="0px" y="0px" focusable="false" viewBox="0 0 945 1024" class="" role="presentation" aria-hidden="true"><title>Ahold Wedge Icon</title><desc>Ahold Icon</desc><path d="M1.893 730.617c-1.289-2.094-2.052-4.631-2.052-7.346 0-0.747 0.058-1.481 0.169-2.197 0.158-12.396 10.227-22.466 22.687-22.634l895.306-0c12.476 0.168 22.545 10.237 22.713 22.698-0.521 3.721-1.182 6.924-2.024 10.053l0.131-0.574c-86.363 175.072-263.598 293.385-468.466 293.385s-382.103-118.313-467.105-290.339l-1.361-3.046z" class="path1" fill="rgb(247, 168, 0)"></path><path d="M107.889 132.495c1.893-1.893 1.893-3.786 3.786-5.678 2.98-3.491 7.385-5.69 12.303-5.69s9.323 2.199 12.284 5.668l0.019 0.022 476.983 476.983c3.491 2.98 5.69 7.385 5.69 12.303s-2.199 9.323-5.668 12.284c-1.399 1.869-3.361 3.216-5.631 3.789l-0.069 0.015c-38.446 13.732-82.796 21.669-129.001 21.669-108.416 0-206.626-43.699-277.977-114.443-70.367-71.826-113.809-170.317-113.809-278.955 0-45.803 7.722-89.803 21.936-130.767l-0.845 2.8z" class="path2" fill="rgb(226, 35, 26)"></path><path d="M600.015 1.893c1.247-1.204 2.948-1.946 4.822-1.946 0.302 0 0.6 0.019 0.891 0.057 0.057-0.006 0.164-0.007 0.272-0.007 7.15 0 12.947 5.796 12.947 12.947 0 0.108-0.001 0.215-0.004 0.322l0-0.016v503.482c0.002 0.091 0.004 0.199 0.004 0.306 0 7.15-5.796 12.947-12.947 12.947-0.108 0-0.215-0.001-0.322-0.004-0.241 0.034-0.539 0.053-0.841 0.053-1.874 0-3.574-0.742-4.824-1.948l0.002 0.002c-98.273-48.542-164.673-148.065-164.673-263.098s66.401-214.556 162.964-262.333l1.709-0.765z" class="path3" fill="rgb(113, 33, 119)"></path><path d="M938.824 283.919c1.893 0 1.893 1.893 3.786 1.893 1.765 2.012 2.841 4.666 2.841 7.571s-1.077 5.559-2.853 7.584l0.011-0.013-268.776 266.884c-2.012 1.765-4.666 2.841-7.571 2.841s-5.559-1.077-7.584-2.853c-1.144-0.651-1.911-1.879-1.911-3.285 0-0.172 0.012-0.342 0.034-0.508l-0.002 0.019c-7.681-21.529-12.12-46.363-12.12-72.235 0-61.263 24.891-116.712 65.111-156.786 39.326-39.792 93.895-64.431 154.219-64.431 26.857 0 52.573 4.884 76.309 13.812l-1.494-0.493z" class="path4" fill="rgb(130, 188, 0)"></path></svg></div></div></span>Nature's Promise Organic Baby Spinach &amp; Kale</h3></div><div class="product-grid-cell_price-container" role="link" data-block-spinner="true" data-product-id="212391"><div class="product-grid-cell_regular-price-container"><span class="product-grid-cell_was" aria-hidden="true"></span><span class="product-grid-cell_regular-price"></span></div><span class="product-grid-cell_main-price select-text">$3.49</span><span class="product-grid-cell_hidden-price"></span></div><span class="product-grid-cell_size select-text" role="link" data-block-spinner="true" data-product-id="212391">5 oz pkg</span><span data-block-spinner="true" data-product-id="212391"><span class="product-grid-cell_unit select-text"> | $0.70 / oz</span></span><div class="buy-more-save-more_cta-grid-container"></div><div class="add-to-cart"><div class="add-to-cart_button"><button class="button button--add-to-cart" data-product-id="212391" data-price="3.49" data-cart-log-location="BROWSE_AISLES" data-persisted-quantity="0" data-other-information="{&quot;catPath&quot;:&quot;1,2098,2275&quot;,&quot;sale&quot;:false,&quot;newArrival&quot;:false,&quot;sponsored&quot;:false,&quot;includeContentTrackingInfo&quot;:true}">Add to Cart</button></div><span class="element-invisible" aria-live="assertive"></span></div></div><div class="spyglass-container"></div></li><li role="region" tabindex="-1" aria-label="Stop &amp; Shop Classics Salad Mix" class="product-cell product-grid-cell product-grid-cell--quad" data-id="17-&gt;118777" data-position="18"><div class="confirmation-wrapper confirmation-wrapper--hidden" id="confirmation-wrapper--118777"><div class="confirmation-whitewash"><div class="confirmation-dialog"><div class="confirmation-dialog_messages" tabindex="0"><h4 class="confirmation-dialog_message-headline">Remove This Item From Your Cart?</h4></div><div class="confirmation-dialog_action-container"><div class="confirmation-dialog_confirmation-button"><button class="button button--fourth" tabindex="0" data-product-id="118777" data-cart-log-location="BROWSE_AISLES" data-persisted-quantity="undefined" data-price="1.29">OK</button></div><div class="confirmation-dialog_cancel-button"><button class="button button--fourth" tabindex="0" data-product-id="118777">Cancel</button></div></div></div></div></div><div class="confirmation-wrapper" style="display: none;"><div class="confirmation-whitewash"></div></div><img src="./Produce_Packaged_Produce_Salads_files/JFXTH.jpg" alt="Stop &amp; Shop Classics Salad Mix" class="product-grid-cell_main-image" data-block-spinner="true" data-product-id="118777"><div class="product-grid-cell_price-tag"><div class="product-grid-cell_name" role="link" tabindex="0" data-block-spinner="true" data-product-id="118777"><h3 class="product-grid-cell_name-text select-text"><span class="vector-icon_inline-text--left"><div class="vector-icon_outer-wrapper"><div class="vector-icon_container vector-icon-size--xsmall"><svg version="1.1" x="0px" y="0px" focusable="false" viewBox="0 0 945 1024" class="" role="presentation" aria-hidden="true"><title>Ahold Wedge Icon</title><desc>Ahold Icon</desc><path d="M1.893 730.617c-1.289-2.094-2.052-4.631-2.052-7.346 0-0.747 0.058-1.481 0.169-2.197 0.158-12.396 10.227-22.466 22.687-22.634l895.306-0c12.476 0.168 22.545 10.237 22.713 22.698-0.521 3.721-1.182 6.924-2.024 10.053l0.131-0.574c-86.363 175.072-263.598 293.385-468.466 293.385s-382.103-118.313-467.105-290.339l-1.361-3.046z" class="path1" fill="rgb(247, 168, 0)"></path><path d="M107.889 132.495c1.893-1.893 1.893-3.786 3.786-5.678 2.98-3.491 7.385-5.69 12.303-5.69s9.323 2.199 12.284 5.668l0.019 0.022 476.983 476.983c3.491 2.98 5.69 7.385 5.69 12.303s-2.199 9.323-5.668 12.284c-1.399 1.869-3.361 3.216-5.631 3.789l-0.069 0.015c-38.446 13.732-82.796 21.669-129.001 21.669-108.416 0-206.626-43.699-277.977-114.443-70.367-71.826-113.809-170.317-113.809-278.955 0-45.803 7.722-89.803 21.936-130.767l-0.845 2.8z" class="path2" fill="rgb(226, 35, 26)"></path><path d="M600.015 1.893c1.247-1.204 2.948-1.946 4.822-1.946 0.302 0 0.6 0.019 0.891 0.057 0.057-0.006 0.164-0.007 0.272-0.007 7.15 0 12.947 5.796 12.947 12.947 0 0.108-0.001 0.215-0.004 0.322l0-0.016v503.482c0.002 0.091 0.004 0.199 0.004 0.306 0 7.15-5.796 12.947-12.947 12.947-0.108 0-0.215-0.001-0.322-0.004-0.241 0.034-0.539 0.053-0.841 0.053-1.874 0-3.574-0.742-4.824-1.948l0.002 0.002c-98.273-48.542-164.673-148.065-164.673-263.098s66.401-214.556 162.964-262.333l1.709-0.765z" class="path3" fill="rgb(113, 33, 119)"></path><path d="M938.824 283.919c1.893 0 1.893 1.893 3.786 1.893 1.765 2.012 2.841 4.666 2.841 7.571s-1.077 5.559-2.853 7.584l0.011-0.013-268.776 266.884c-2.012 1.765-4.666 2.841-7.571 2.841s-5.559-1.077-7.584-2.853c-1.144-0.651-1.911-1.879-1.911-3.285 0-0.172 0.012-0.342 0.034-0.508l-0.002 0.019c-7.681-21.529-12.12-46.363-12.12-72.235 0-61.263 24.891-116.712 65.111-156.786 39.326-39.792 93.895-64.431 154.219-64.431 26.857 0 52.573 4.884 76.309 13.812l-1.494-0.493z" class="path4" fill="rgb(130, 188, 0)"></path></svg></div></div></span>Stop &amp; Shop Classics Salad Mix</h3></div><div class="product-grid-cell_price-container" role="link" data-block-spinner="true" data-product-id="118777"><div class="product-grid-cell_regular-price-container"><span class="product-grid-cell_was" aria-hidden="true"></span><span class="product-grid-cell_regular-price"></span></div><span class="product-grid-cell_main-price select-text">$1.29</span><span class="product-grid-cell_hidden-price"></span></div><span class="product-grid-cell_size select-text" role="link" data-block-spinner="true" data-product-id="118777">12 oz bag</span><span data-block-spinner="true" data-product-id="118777"><span class="product-grid-cell_unit select-text"> | $0.11 / oz</span></span><div class="buy-more-save-more_cta-grid-container"></div><div class="add-to-cart"><div class="add-to-cart_button"><button class="button button--add-to-cart" data-product-id="118777" data-price="1.29" data-cart-log-location="BROWSE_AISLES" data-persisted-quantity="0" data-other-information="{&quot;catPath&quot;:&quot;1,2098,2275&quot;,&quot;sale&quot;:false,&quot;newArrival&quot;:false,&quot;sponsored&quot;:false,&quot;includeContentTrackingInfo&quot;:true}">Add to Cart</button></div><span class="element-invisible" aria-live="assertive"></span></div></div><div class="spyglass-container"></div></li><li role="region" tabindex="-1" aria-label="Dole Salad Kit Caesar" class="product-cell product-grid-cell product-grid-cell--quad" data-id="18-&gt;118745" data-position="19"><div class="confirmation-wrapper confirmation-wrapper--hidden" id="confirmation-wrapper--118745"><div class="confirmation-whitewash"><div class="confirmation-dialog"><div class="confirmation-dialog_messages" tabindex="0"><h4 class="confirmation-dialog_message-headline">Remove This Item From Your Cart?</h4></div><div class="confirmation-dialog_action-container"><div class="confirmation-dialog_confirmation-button"><button class="button button--fourth" tabindex="0" data-product-id="118745" data-cart-log-location="BROWSE_AISLES" data-persisted-quantity="undefined" data-price="2.5">OK</button></div><div class="confirmation-dialog_cancel-button"><button class="button button--fourth" tabindex="0" data-product-id="118745">Cancel</button></div></div></div></div></div><div class="confirmation-wrapper" style="display: none;"><div class="confirmation-whitewash"></div></div><div class="item-detail_flag--outer-container"><div class="item-detail_flag--container"><div class="item-detail_flag--flag sale">Sale</div></div></div><img src="./Produce_Packaged_Produce_Salads_files/6G3NQ.jpg" alt="Dole Salad Kit Caesar" class="product-grid-cell_main-image" data-block-spinner="true" data-product-id="118745"><div class="product-grid-cell_price-tag"><div class="product-grid-cell_name" role="link" tabindex="0" data-block-spinner="true" data-product-id="118745"><h3 class="product-grid-cell_name-text select-text">Dole Salad Kit Caesar</h3></div><div class="product-grid-cell_price-container" role="link" data-block-spinner="true" data-product-id="118745"><div class="product-grid-cell_regular-price-container"><span class="product-grid-cell_was" aria-hidden="true"></span><span class="product-grid-cell_regular-price"></span></div><span class="product-grid-cell_main-price select-text product-grid-cell_main-price--on-sale">$2.50</span><span class="product-grid-cell_hidden-price"></span></div><span class="product-grid-cell_size select-text" role="link" data-block-spinner="true" data-product-id="118745">10 oz bag</span><span data-block-spinner="true" data-product-id="118745"><span class="product-grid-cell_unit select-text"> | $0.25 / oz</span></span><div class="buy-more-save-more_cta-grid-container"></div><div class="add-to-cart"><div class="add-to-cart_button"><button class="button button--add-to-cart" data-product-id="118745" data-price="2.5" data-cart-log-location="BROWSE_AISLES" data-persisted-quantity="0" data-other-information="{&quot;catPath&quot;:&quot;1,2098,2275&quot;,&quot;sale&quot;:true,&quot;newArrival&quot;:false,&quot;sponsored&quot;:false,&quot;includeContentTrackingInfo&quot;:true}">Add to Cart</button></div><span class="element-invisible" aria-live="assertive"></span></div></div><div class="spyglass-container"></div></li><li role="region" tabindex="-1" aria-label="Nature&#39;s Promise Organic Salad Spinach" class="product-cell product-grid-cell product-grid-cell--quad" data-id="19-&gt;212393" data-position="20"><div class="confirmation-wrapper confirmation-wrapper--hidden" id="confirmation-wrapper--212393"><div class="confirmation-whitewash"><div class="confirmation-dialog"><div class="confirmation-dialog_messages" tabindex="0"><h4 class="confirmation-dialog_message-headline">Remove This Item From Your Cart?</h4></div><div class="confirmation-dialog_action-container"><div class="confirmation-dialog_confirmation-button"><button class="button button--fourth" tabindex="0" data-product-id="212393" data-cart-log-location="BROWSE_AISLES" data-persisted-quantity="undefined" data-price="3.49">OK</button></div><div class="confirmation-dialog_cancel-button"><button class="button button--fourth" tabindex="0" data-product-id="212393">Cancel</button></div></div></div></div></div><div class="confirmation-wrapper" style="display: none;"><div class="confirmation-whitewash"></div></div><img src="./Produce_Packaged_Produce_Salads_files/KTWMA.jpg" alt="Nature&#39;s Promise Organic Salad Spinach" class="product-grid-cell_main-image" data-block-spinner="true" data-product-id="212393"><div class="product-grid-cell_price-tag"><div class="product-grid-cell_name" role="link" tabindex="0" data-block-spinner="true" data-product-id="212393"><h3 class="product-grid-cell_name-text select-text"><span class="vector-icon_inline-text--left"><div class="vector-icon_outer-wrapper"><div class="vector-icon_container vector-icon-size--xsmall"><svg version="1.1" x="0px" y="0px" focusable="false" viewBox="0 0 945 1024" class="" role="presentation" aria-hidden="true"><title>Ahold Wedge Icon</title><desc>Ahold Icon</desc><path d="M1.893 730.617c-1.289-2.094-2.052-4.631-2.052-7.346 0-0.747 0.058-1.481 0.169-2.197 0.158-12.396 10.227-22.466 22.687-22.634l895.306-0c12.476 0.168 22.545 10.237 22.713 22.698-0.521 3.721-1.182 6.924-2.024 10.053l0.131-0.574c-86.363 175.072-263.598 293.385-468.466 293.385s-382.103-118.313-467.105-290.339l-1.361-3.046z" class="path1" fill="rgb(247, 168, 0)"></path><path d="M107.889 132.495c1.893-1.893 1.893-3.786 3.786-5.678 2.98-3.491 7.385-5.69 12.303-5.69s9.323 2.199 12.284 5.668l0.019 0.022 476.983 476.983c3.491 2.98 5.69 7.385 5.69 12.303s-2.199 9.323-5.668 12.284c-1.399 1.869-3.361 3.216-5.631 3.789l-0.069 0.015c-38.446 13.732-82.796 21.669-129.001 21.669-108.416 0-206.626-43.699-277.977-114.443-70.367-71.826-113.809-170.317-113.809-278.955 0-45.803 7.722-89.803 21.936-130.767l-0.845 2.8z" class="path2" fill="rgb(226, 35, 26)"></path><path d="M600.015 1.893c1.247-1.204 2.948-1.946 4.822-1.946 0.302 0 0.6 0.019 0.891 0.057 0.057-0.006 0.164-0.007 0.272-0.007 7.15 0 12.947 5.796 12.947 12.947 0 0.108-0.001 0.215-0.004 0.322l0-0.016v503.482c0.002 0.091 0.004 0.199 0.004 0.306 0 7.15-5.796 12.947-12.947 12.947-0.108 0-0.215-0.001-0.322-0.004-0.241 0.034-0.539 0.053-0.841 0.053-1.874 0-3.574-0.742-4.824-1.948l0.002 0.002c-98.273-48.542-164.673-148.065-164.673-263.098s66.401-214.556 162.964-262.333l1.709-0.765z" class="path3" fill="rgb(113, 33, 119)"></path><path d="M938.824 283.919c1.893 0 1.893 1.893 3.786 1.893 1.765 2.012 2.841 4.666 2.841 7.571s-1.077 5.559-2.853 7.584l0.011-0.013-268.776 266.884c-2.012 1.765-4.666 2.841-7.571 2.841s-5.559-1.077-7.584-2.853c-1.144-0.651-1.911-1.879-1.911-3.285 0-0.172 0.012-0.342 0.034-0.508l-0.002 0.019c-7.681-21.529-12.12-46.363-12.12-72.235 0-61.263 24.891-116.712 65.111-156.786 39.326-39.792 93.895-64.431 154.219-64.431 26.857 0 52.573 4.884 76.309 13.812l-1.494-0.493z" class="path4" fill="rgb(130, 188, 0)"></path></svg></div></div></span>Nature's Promise Organic Salad Spinach</h3></div><div class="product-grid-cell_price-container" role="link" data-block-spinner="true" data-product-id="212393"><div class="product-grid-cell_regular-price-container"><span class="product-grid-cell_was" aria-hidden="true"></span><span class="product-grid-cell_regular-price"></span></div><span class="product-grid-cell_main-price select-text">$3.49</span><span class="product-grid-cell_hidden-price"></span></div><span class="product-grid-cell_size select-text" role="link" data-block-spinner="true" data-product-id="212393">5 oz pkg</span><span data-block-spinner="true" data-product-id="212393"><span class="product-grid-cell_unit select-text"> | $0.70 / oz</span></span><div class="buy-more-save-more_cta-grid-container"></div><div class="add-to-cart"><div class="add-to-cart_button"><button class="button button--add-to-cart" data-product-id="212393" data-price="3.49" data-cart-log-location="BROWSE_AISLES" data-persisted-quantity="0" data-other-information="{&quot;catPath&quot;:&quot;1,2098,2275&quot;,&quot;sale&quot;:false,&quot;newArrival&quot;:false,&quot;sponsored&quot;:false,&quot;includeContentTrackingInfo&quot;:true}">Add to Cart</button></div><span class="element-invisible" aria-live="assertive"></span></div></div><div class="spyglass-container"></div></li><li><div collection-interweave-item="interwovenContent"><div generic-content-interweave-datasource="" data="interwovenContent.content.content" region="browse_aisles_shelf_content" class=""><div generic-content-region="" region="browse_aisles_shelf_content" interwoven="true"><div><div ng-class="methods.classForRegionSize(regionSize, ! content.model.contentData[ interwovenContent.content.region ], methods.contentLayouts(content.model.contentData[ interwovenContent.content.region ], regionSize).layout.length )" width-variable="regionSize" width-values="widthBreakpoints.defaultBreakpoints" class="generic-content_region-contents--medium"><!----><div ng-class="methods.classForContentItem(contentItem, $last, $first)" ng-repeat="contentItem in methods.contentLayouts(content.model.contentData[ interwovenContent.content.region ], regionSize).layout" class="generic-content_content-item--full-width generic-content_content-item--omega generic-content_content-item--alpha"><div class="generic-content_renderer" generic-content-renderer="contentItem"><div class="generic-content_renderer-contents" ng-class="{&#39;generic-content_renderer-contents--loading&#39; : state.preloading}" style=""><div ng-switch="" on="adContentWidth" content-interaction-tracker="" width-variable="adContentWidth" width-values="widthBreakpoints.defaultBreakpoints"><!----><!----><div ng-switch-default="" class="generic-content_content-item-table" quotient-ad-datasource=""><div class="adsense_wrapper adsense_wrapper--alpha generic-content_content-item-table-cell"><div class="adsense_container" quotient-ad="" classes="interwoven ? &#39;interweaved-content_leader interweaved-content_trailer&#39; : &#39;splash-page_ads-container&#39;" size="[728,90]" cat-tree-id="productData.category.categoryTreeId" keywords="productData.keywords"><div id="gpt-ad-125" class="interweaved-content_leader interweaved-content_trailer"></div></div></div></div><!----></div></div><div class="generic-content_renderer-animation-container animation-fade ng-hide" ng-hide="!state.preloading" style=""><div width-variable="contentSize" width-observer="contentMethods.contentWidthObserver" width-values="widthBreakpoints.defaultBreakpoints" class="generic-content_renderer-animation "></div></div></div></div><!----></div></div></div></div></div></li><li role="region" tabindex="-1" aria-label="Nature&#39;s Promise Organic Baby Spinach &amp; Spring Mix" class="product-cell product-grid-cell product-grid-cell--quad" data-id="21-&gt;212396" data-position="21"><div class="confirmation-wrapper confirmation-wrapper--hidden" id="confirmation-wrapper--212396"><div class="confirmation-whitewash"><div class="confirmation-dialog"><div class="confirmation-dialog_messages" tabindex="0"><h4 class="confirmation-dialog_message-headline">Remove This Item From Your Cart?</h4></div><div class="confirmation-dialog_action-container"><div class="confirmation-dialog_confirmation-button"><button class="button button--fourth" tabindex="0" data-product-id="212396" data-cart-log-location="BROWSE_AISLES" data-persisted-quantity="undefined" data-price="3.49">OK</button></div><div class="confirmation-dialog_cancel-button"><button class="button button--fourth" tabindex="0" data-product-id="212396">Cancel</button></div></div></div></div></div><div class="confirmation-wrapper" style="display: none;"><div class="confirmation-whitewash"></div></div><img src="./Produce_Packaged_Produce_Salads_files/HW075.jpg" alt="Nature&#39;s Promise Organic Baby Spinach &amp; Spring Mix" class="product-grid-cell_main-image" data-block-spinner="true" data-product-id="212396"><div class="product-grid-cell_price-tag"><div class="product-grid-cell_name" role="link" tabindex="0" data-block-spinner="true" data-product-id="212396"><h3 class="product-grid-cell_name-text select-text"><span class="vector-icon_inline-text--left"><div class="vector-icon_outer-wrapper"><div class="vector-icon_container vector-icon-size--xsmall"><svg version="1.1" x="0px" y="0px" focusable="false" viewBox="0 0 945 1024" class="" role="presentation" aria-hidden="true"><title>Ahold Wedge Icon</title><desc>Ahold Icon</desc><path d="M1.893 730.617c-1.289-2.094-2.052-4.631-2.052-7.346 0-0.747 0.058-1.481 0.169-2.197 0.158-12.396 10.227-22.466 22.687-22.634l895.306-0c12.476 0.168 22.545 10.237 22.713 22.698-0.521 3.721-1.182 6.924-2.024 10.053l0.131-0.574c-86.363 175.072-263.598 293.385-468.466 293.385s-382.103-118.313-467.105-290.339l-1.361-3.046z" class="path1" fill="rgb(247, 168, 0)"></path><path d="M107.889 132.495c1.893-1.893 1.893-3.786 3.786-5.678 2.98-3.491 7.385-5.69 12.303-5.69s9.323 2.199 12.284 5.668l0.019 0.022 476.983 476.983c3.491 2.98 5.69 7.385 5.69 12.303s-2.199 9.323-5.668 12.284c-1.399 1.869-3.361 3.216-5.631 3.789l-0.069 0.015c-38.446 13.732-82.796 21.669-129.001 21.669-108.416 0-206.626-43.699-277.977-114.443-70.367-71.826-113.809-170.317-113.809-278.955 0-45.803 7.722-89.803 21.936-130.767l-0.845 2.8z" class="path2" fill="rgb(226, 35, 26)"></path><path d="M600.015 1.893c1.247-1.204 2.948-1.946 4.822-1.946 0.302 0 0.6 0.019 0.891 0.057 0.057-0.006 0.164-0.007 0.272-0.007 7.15 0 12.947 5.796 12.947 12.947 0 0.108-0.001 0.215-0.004 0.322l0-0.016v503.482c0.002 0.091 0.004 0.199 0.004 0.306 0 7.15-5.796 12.947-12.947 12.947-0.108 0-0.215-0.001-0.322-0.004-0.241 0.034-0.539 0.053-0.841 0.053-1.874 0-3.574-0.742-4.824-1.948l0.002 0.002c-98.273-48.542-164.673-148.065-164.673-263.098s66.401-214.556 162.964-262.333l1.709-0.765z" class="path3" fill="rgb(113, 33, 119)"></path><path d="M938.824 283.919c1.893 0 1.893 1.893 3.786 1.893 1.765 2.012 2.841 4.666 2.841 7.571s-1.077 5.559-2.853 7.584l0.011-0.013-268.776 266.884c-2.012 1.765-4.666 2.841-7.571 2.841s-5.559-1.077-7.584-2.853c-1.144-0.651-1.911-1.879-1.911-3.285 0-0.172 0.012-0.342 0.034-0.508l-0.002 0.019c-7.681-21.529-12.12-46.363-12.12-72.235 0-61.263 24.891-116.712 65.111-156.786 39.326-39.792 93.895-64.431 154.219-64.431 26.857 0 52.573 4.884 76.309 13.812l-1.494-0.493z" class="path4" fill="rgb(130, 188, 0)"></path></svg></div></div></span>Nature's Promise Organic Baby Spinach &amp; Spring Mix</h3></div><div class="product-grid-cell_price-container" role="link" data-block-spinner="true" data-product-id="212396"><div class="product-grid-cell_regular-price-container"><span class="product-grid-cell_was" aria-hidden="true"></span><span class="product-grid-cell_regular-price"></span></div><span class="product-grid-cell_main-price select-text">$3.49</span><span class="product-grid-cell_hidden-price"></span></div><span class="product-grid-cell_size select-text" role="link" data-block-spinner="true" data-product-id="212396">5 oz pkg</span><span data-block-spinner="true" data-product-id="212396"><span class="product-grid-cell_unit select-text"> | $0.70 / oz</span></span><div class="buy-more-save-more_cta-grid-container"></div><div class="add-to-cart"><div class="add-to-cart_button"><button class="button button--add-to-cart" data-product-id="212396" data-price="3.49" data-cart-log-location="BROWSE_AISLES" data-persisted-quantity="0" data-other-information="{&quot;catPath&quot;:&quot;1,2098,2275&quot;,&quot;sale&quot;:false,&quot;newArrival&quot;:false,&quot;sponsored&quot;:false,&quot;includeContentTrackingInfo&quot;:true}">Add to Cart</button></div><span class="element-invisible" aria-live="assertive"></span></div></div><div class="spyglass-container"></div></li><li role="region" tabindex="-1" aria-label="Dole Salad Hearts of Romaine" class="product-cell product-grid-cell product-grid-cell--quad" data-id="22-&gt;128454" data-position="22"><div class="confirmation-wrapper confirmation-wrapper--hidden" id="confirmation-wrapper--128454"><div class="confirmation-whitewash"><div class="confirmation-dialog"><div class="confirmation-dialog_messages" tabindex="0"><h4 class="confirmation-dialog_message-headline">Remove This Item From Your Cart?</h4></div><div class="confirmation-dialog_action-container"><div class="confirmation-dialog_confirmation-button"><button class="button button--fourth" tabindex="0" data-product-id="128454" data-cart-log-location="BROWSE_AISLES" data-persisted-quantity="undefined" data-price="2.5">OK</button></div><div class="confirmation-dialog_cancel-button"><button class="button button--fourth" tabindex="0" data-product-id="128454">Cancel</button></div></div></div></div></div><div class="confirmation-wrapper" style="display: none;"><div class="confirmation-whitewash"></div></div><div class="item-detail_flag--outer-container"><div class="item-detail_flag--container"><div class="item-detail_flag--flag sale">Sale</div></div></div><img src="./Produce_Packaged_Produce_Salads_files/FC2G6.jpg" alt="Dole Salad Hearts of Romaine" class="product-grid-cell_main-image" data-block-spinner="true" data-product-id="128454"><div class="product-grid-cell_price-tag"><div class="product-grid-cell_name" role="link" tabindex="0" data-block-spinner="true" data-product-id="128454"><h3 class="product-grid-cell_name-text select-text">Dole Salad Hearts of Romaine</h3></div><div class="product-grid-cell_price-container" role="link" data-block-spinner="true" data-product-id="128454"><div class="product-grid-cell_regular-price-container"><span class="product-grid-cell_was" aria-hidden="true"></span><span class="product-grid-cell_regular-price"></span></div><span class="product-grid-cell_main-price select-text product-grid-cell_main-price--on-sale">$2.50</span><span class="product-grid-cell_hidden-price"></span></div><span class="product-grid-cell_size select-text" role="link" data-block-spinner="true" data-product-id="128454">9 oz bag</span><span data-block-spinner="true" data-product-id="128454"><span class="product-grid-cell_unit select-text"> | $0.28 / oz</span></span><div class="buy-more-save-more_cta-grid-container"></div><div class="add-to-cart"><div class="add-to-cart_button"><button class="button button--add-to-cart" data-product-id="128454" data-price="2.5" data-cart-log-location="BROWSE_AISLES" data-persisted-quantity="0" data-other-information="{&quot;catPath&quot;:&quot;1,2098,2275&quot;,&quot;sale&quot;:true,&quot;newArrival&quot;:false,&quot;sponsored&quot;:false,&quot;includeContentTrackingInfo&quot;:true}">Add to Cart</button></div><span class="element-invisible" aria-live="assertive"></span></div></div><div class="spyglass-container"></div></li><li role="region" tabindex="-1" aria-label="Stop &amp; Shop Premium Salad Spring Mix" class="product-cell product-grid-cell product-grid-cell--quad" data-id="23-&gt;128644" data-position="23"><div class="confirmation-wrapper confirmation-wrapper--hidden" id="confirmation-wrapper--128644"><div class="confirmation-whitewash"><div class="confirmation-dialog"><div class="confirmation-dialog_messages" tabindex="0"><h4 class="confirmation-dialog_message-headline">Remove This Item From Your Cart?</h4></div><div class="confirmation-dialog_action-container"><div class="confirmation-dialog_confirmation-button"><button class="button button--fourth" tabindex="0" data-product-id="128644" data-cart-log-location="BROWSE_AISLES" data-persisted-quantity="undefined" data-price="2.5">OK</button></div><div class="confirmation-dialog_cancel-button"><button class="button button--fourth" tabindex="0" data-product-id="128644">Cancel</button></div></div></div></div></div><div class="confirmation-wrapper" style="display: none;"><div class="confirmation-whitewash"></div></div><div class="item-detail_flag--outer-container"><div class="item-detail_flag--container"><div class="item-detail_flag--flag sale">Sale</div></div></div><img src="./Produce_Packaged_Produce_Salads_files/4STPY.jpg" alt="Stop &amp; Shop Premium Salad Spring Mix" class="product-grid-cell_main-image" data-block-spinner="true" data-product-id="128644"><div class="product-grid-cell_price-tag"><div class="product-grid-cell_name" role="link" tabindex="0" data-block-spinner="true" data-product-id="128644"><h3 class="product-grid-cell_name-text select-text"><span class="vector-icon_inline-text--left"><div class="vector-icon_outer-wrapper"><div class="vector-icon_container vector-icon-size--xsmall"><svg version="1.1" x="0px" y="0px" focusable="false" viewBox="0 0 945 1024" class="" role="presentation" aria-hidden="true"><title>Ahold Wedge Icon</title><desc>Ahold Icon</desc><path d="M1.893 730.617c-1.289-2.094-2.052-4.631-2.052-7.346 0-0.747 0.058-1.481 0.169-2.197 0.158-12.396 10.227-22.466 22.687-22.634l895.306-0c12.476 0.168 22.545 10.237 22.713 22.698-0.521 3.721-1.182 6.924-2.024 10.053l0.131-0.574c-86.363 175.072-263.598 293.385-468.466 293.385s-382.103-118.313-467.105-290.339l-1.361-3.046z" class="path1" fill="rgb(247, 168, 0)"></path><path d="M107.889 132.495c1.893-1.893 1.893-3.786 3.786-5.678 2.98-3.491 7.385-5.69 12.303-5.69s9.323 2.199 12.284 5.668l0.019 0.022 476.983 476.983c3.491 2.98 5.69 7.385 5.69 12.303s-2.199 9.323-5.668 12.284c-1.399 1.869-3.361 3.216-5.631 3.789l-0.069 0.015c-38.446 13.732-82.796 21.669-129.001 21.669-108.416 0-206.626-43.699-277.977-114.443-70.367-71.826-113.809-170.317-113.809-278.955 0-45.803 7.722-89.803 21.936-130.767l-0.845 2.8z" class="path2" fill="rgb(226, 35, 26)"></path><path d="M600.015 1.893c1.247-1.204 2.948-1.946 4.822-1.946 0.302 0 0.6 0.019 0.891 0.057 0.057-0.006 0.164-0.007 0.272-0.007 7.15 0 12.947 5.796 12.947 12.947 0 0.108-0.001 0.215-0.004 0.322l0-0.016v503.482c0.002 0.091 0.004 0.199 0.004 0.306 0 7.15-5.796 12.947-12.947 12.947-0.108 0-0.215-0.001-0.322-0.004-0.241 0.034-0.539 0.053-0.841 0.053-1.874 0-3.574-0.742-4.824-1.948l0.002 0.002c-98.273-48.542-164.673-148.065-164.673-263.098s66.401-214.556 162.964-262.333l1.709-0.765z" class="path3" fill="rgb(113, 33, 119)"></path><path d="M938.824 283.919c1.893 0 1.893 1.893 3.786 1.893 1.765 2.012 2.841 4.666 2.841 7.571s-1.077 5.559-2.853 7.584l0.011-0.013-268.776 266.884c-2.012 1.765-4.666 2.841-7.571 2.841s-5.559-1.077-7.584-2.853c-1.144-0.651-1.911-1.879-1.911-3.285 0-0.172 0.012-0.342 0.034-0.508l-0.002 0.019c-7.681-21.529-12.12-46.363-12.12-72.235 0-61.263 24.891-116.712 65.111-156.786 39.326-39.792 93.895-64.431 154.219-64.431 26.857 0 52.573 4.884 76.309 13.812l-1.494-0.493z" class="path4" fill="rgb(130, 188, 0)"></path></svg></div></div></span>Stop &amp; Shop Premium Salad Spring Mix</h3></div><div class="product-grid-cell_price-container" role="link" data-block-spinner="true" data-product-id="128644"><div class="product-grid-cell_regular-price-container"><span class="product-grid-cell_was" aria-hidden="true"></span><span class="product-grid-cell_regular-price"></span></div><span class="product-grid-cell_main-price select-text product-grid-cell_main-price--on-sale">$2.50</span><span class="product-grid-cell_hidden-price"></span></div><span class="product-grid-cell_size select-text" role="link" data-block-spinner="true" data-product-id="128644">5 oz bag</span><span data-block-spinner="true" data-product-id="128644"><span class="product-grid-cell_unit select-text"> | $0.50 / oz</span></span><div class="buy-more-save-more_cta-grid-container"></div><div class="add-to-cart"><div class="add-to-cart_button"><button class="button button--add-to-cart" data-product-id="128644" data-price="2.5" data-cart-log-location="BROWSE_AISLES" data-persisted-quantity="0" data-other-information="{&quot;catPath&quot;:&quot;1,2098,2275&quot;,&quot;sale&quot;:true,&quot;newArrival&quot;:false,&quot;sponsored&quot;:false,&quot;includeContentTrackingInfo&quot;:true}">Add to Cart</button></div><span class="element-invisible" aria-live="assertive"></span></div></div><div class="spyglass-container"></div></li><li role="region" tabindex="-1" aria-label="Stop &amp; Shop Kale" class="product-cell product-grid-cell product-grid-cell--quad" data-id="24-&gt;210636" data-position="24"><div class="confirmation-wrapper confirmation-wrapper--hidden" id="confirmation-wrapper--210636"><div class="confirmation-whitewash"><div class="confirmation-dialog"><div class="confirmation-dialog_messages" tabindex="0"><h4 class="confirmation-dialog_message-headline">Remove This Item From Your Cart?</h4></div><div class="confirmation-dialog_action-container"><div class="confirmation-dialog_confirmation-button"><button class="button button--fourth" tabindex="0" data-product-id="210636" data-cart-log-location="BROWSE_AISLES" data-persisted-quantity="undefined" data-price="3.19">OK</button></div><div class="confirmation-dialog_cancel-button"><button class="button button--fourth" tabindex="0" data-product-id="210636">Cancel</button></div></div></div></div></div><div class="confirmation-wrapper" style="display: none;"><div class="confirmation-whitewash"></div></div><img src="./Produce_Packaged_Produce_Salads_files/G7DEL.jpg" alt="Stop &amp; Shop Kale" class="product-grid-cell_main-image" data-block-spinner="true" data-product-id="210636"><div class="product-grid-cell_price-tag"><div class="product-grid-cell_name" role="link" tabindex="0" data-block-spinner="true" data-product-id="210636"><h3 class="product-grid-cell_name-text select-text"><span class="vector-icon_inline-text--left"><div class="vector-icon_outer-wrapper"><div class="vector-icon_container vector-icon-size--xsmall"><svg version="1.1" x="0px" y="0px" focusable="false" viewBox="0 0 945 1024" class="" role="presentation" aria-hidden="true"><title>Ahold Wedge Icon</title><desc>Ahold Icon</desc><path d="M1.893 730.617c-1.289-2.094-2.052-4.631-2.052-7.346 0-0.747 0.058-1.481 0.169-2.197 0.158-12.396 10.227-22.466 22.687-22.634l895.306-0c12.476 0.168 22.545 10.237 22.713 22.698-0.521 3.721-1.182 6.924-2.024 10.053l0.131-0.574c-86.363 175.072-263.598 293.385-468.466 293.385s-382.103-118.313-467.105-290.339l-1.361-3.046z" class="path1" fill="rgb(247, 168, 0)"></path><path d="M107.889 132.495c1.893-1.893 1.893-3.786 3.786-5.678 2.98-3.491 7.385-5.69 12.303-5.69s9.323 2.199 12.284 5.668l0.019 0.022 476.983 476.983c3.491 2.98 5.69 7.385 5.69 12.303s-2.199 9.323-5.668 12.284c-1.399 1.869-3.361 3.216-5.631 3.789l-0.069 0.015c-38.446 13.732-82.796 21.669-129.001 21.669-108.416 0-206.626-43.699-277.977-114.443-70.367-71.826-113.809-170.317-113.809-278.955 0-45.803 7.722-89.803 21.936-130.767l-0.845 2.8z" class="path2" fill="rgb(226, 35, 26)"></path><path d="M600.015 1.893c1.247-1.204 2.948-1.946 4.822-1.946 0.302 0 0.6 0.019 0.891 0.057 0.057-0.006 0.164-0.007 0.272-0.007 7.15 0 12.947 5.796 12.947 12.947 0 0.108-0.001 0.215-0.004 0.322l0-0.016v503.482c0.002 0.091 0.004 0.199 0.004 0.306 0 7.15-5.796 12.947-12.947 12.947-0.108 0-0.215-0.001-0.322-0.004-0.241 0.034-0.539 0.053-0.841 0.053-1.874 0-3.574-0.742-4.824-1.948l0.002 0.002c-98.273-48.542-164.673-148.065-164.673-263.098s66.401-214.556 162.964-262.333l1.709-0.765z" class="path3" fill="rgb(113, 33, 119)"></path><path d="M938.824 283.919c1.893 0 1.893 1.893 3.786 1.893 1.765 2.012 2.841 4.666 2.841 7.571s-1.077 5.559-2.853 7.584l0.011-0.013-268.776 266.884c-2.012 1.765-4.666 2.841-7.571 2.841s-5.559-1.077-7.584-2.853c-1.144-0.651-1.911-1.879-1.911-3.285 0-0.172 0.012-0.342 0.034-0.508l-0.002 0.019c-7.681-21.529-12.12-46.363-12.12-72.235 0-61.263 24.891-116.712 65.111-156.786 39.326-39.792 93.895-64.431 154.219-64.431 26.857 0 52.573 4.884 76.309 13.812l-1.494-0.493z" class="path4" fill="rgb(130, 188, 0)"></path></svg></div></div></span>Stop &amp; Shop Kale</h3></div><div class="product-grid-cell_price-container" role="link" data-block-spinner="true" data-product-id="210636"><div class="product-grid-cell_regular-price-container"><span class="product-grid-cell_was" aria-hidden="true"></span><span class="product-grid-cell_regular-price"></span></div><span class="product-grid-cell_main-price select-text">$3.19</span><span class="product-grid-cell_hidden-price"></span></div><span class="product-grid-cell_size select-text" role="link" data-block-spinner="true" data-product-id="210636">16 oz bag</span><span data-block-spinner="true" data-product-id="210636"><span class="product-grid-cell_unit select-text"> | $0.20 / oz</span></span><div class="buy-more-save-more_cta-grid-container"></div><div class="add-to-cart"><div class="add-to-cart_button"><button class="button button--add-to-cart" data-product-id="210636" data-price="3.19" data-cart-log-location="BROWSE_AISLES" data-persisted-quantity="0" data-other-information="{&quot;catPath&quot;:&quot;1,2098,2275&quot;,&quot;sale&quot;:false,&quot;newArrival&quot;:false,&quot;sponsored&quot;:false,&quot;includeContentTrackingInfo&quot;:true}">Add to Cart</button></div><span class="element-invisible" aria-live="assertive"></span></div></div><div class="spyglass-container"></div></li><li role="region" tabindex="-1" aria-label="Nature&#39;s Promise Organic Sweet Baby Lettuce" class="product-cell product-grid-cell product-grid-cell--quad" data-id="25-&gt;212395" data-position="25"><div class="confirmation-wrapper confirmation-wrapper--hidden" id="confirmation-wrapper--212395"><div class="confirmation-whitewash"><div class="confirmation-dialog"><div class="confirmation-dialog_messages" tabindex="0"><h4 class="confirmation-dialog_message-headline">Remove This Item From Your Cart?</h4></div><div class="confirmation-dialog_action-container"><div class="confirmation-dialog_confirmation-button"><button class="button button--fourth" tabindex="0" data-product-id="212395" data-cart-log-location="BROWSE_AISLES" data-persisted-quantity="undefined" data-price="3.49">OK</button></div><div class="confirmation-dialog_cancel-button"><button class="button button--fourth" tabindex="0" data-product-id="212395">Cancel</button></div></div></div></div></div><div class="confirmation-wrapper" style="display: none;"><div class="confirmation-whitewash"></div></div><img src="./Produce_Packaged_Produce_Salads_files/N1VAV.jpg" alt="Nature&#39;s Promise Organic Sweet Baby Lettuce" class="product-grid-cell_main-image" data-block-spinner="true" data-product-id="212395"><div class="product-grid-cell_price-tag"><div class="product-grid-cell_name" role="link" tabindex="0" data-block-spinner="true" data-product-id="212395"><h3 class="product-grid-cell_name-text select-text"><span class="vector-icon_inline-text--left"><div class="vector-icon_outer-wrapper"><div class="vector-icon_container vector-icon-size--xsmall"><svg version="1.1" x="0px" y="0px" focusable="false" viewBox="0 0 945 1024" class="" role="presentation" aria-hidden="true"><title>Ahold Wedge Icon</title><desc>Ahold Icon</desc><path d="M1.893 730.617c-1.289-2.094-2.052-4.631-2.052-7.346 0-0.747 0.058-1.481 0.169-2.197 0.158-12.396 10.227-22.466 22.687-22.634l895.306-0c12.476 0.168 22.545 10.237 22.713 22.698-0.521 3.721-1.182 6.924-2.024 10.053l0.131-0.574c-86.363 175.072-263.598 293.385-468.466 293.385s-382.103-118.313-467.105-290.339l-1.361-3.046z" class="path1" fill="rgb(247, 168, 0)"></path><path d="M107.889 132.495c1.893-1.893 1.893-3.786 3.786-5.678 2.98-3.491 7.385-5.69 12.303-5.69s9.323 2.199 12.284 5.668l0.019 0.022 476.983 476.983c3.491 2.98 5.69 7.385 5.69 12.303s-2.199 9.323-5.668 12.284c-1.399 1.869-3.361 3.216-5.631 3.789l-0.069 0.015c-38.446 13.732-82.796 21.669-129.001 21.669-108.416 0-206.626-43.699-277.977-114.443-70.367-71.826-113.809-170.317-113.809-278.955 0-45.803 7.722-89.803 21.936-130.767l-0.845 2.8z" class="path2" fill="rgb(226, 35, 26)"></path><path d="M600.015 1.893c1.247-1.204 2.948-1.946 4.822-1.946 0.302 0 0.6 0.019 0.891 0.057 0.057-0.006 0.164-0.007 0.272-0.007 7.15 0 12.947 5.796 12.947 12.947 0 0.108-0.001 0.215-0.004 0.322l0-0.016v503.482c0.002 0.091 0.004 0.199 0.004 0.306 0 7.15-5.796 12.947-12.947 12.947-0.108 0-0.215-0.001-0.322-0.004-0.241 0.034-0.539 0.053-0.841 0.053-1.874 0-3.574-0.742-4.824-1.948l0.002 0.002c-98.273-48.542-164.673-148.065-164.673-263.098s66.401-214.556 162.964-262.333l1.709-0.765z" class="path3" fill="rgb(113, 33, 119)"></path><path d="M938.824 283.919c1.893 0 1.893 1.893 3.786 1.893 1.765 2.012 2.841 4.666 2.841 7.571s-1.077 5.559-2.853 7.584l0.011-0.013-268.776 266.884c-2.012 1.765-4.666 2.841-7.571 2.841s-5.559-1.077-7.584-2.853c-1.144-0.651-1.911-1.879-1.911-3.285 0-0.172 0.012-0.342 0.034-0.508l-0.002 0.019c-7.681-21.529-12.12-46.363-12.12-72.235 0-61.263 24.891-116.712 65.111-156.786 39.326-39.792 93.895-64.431 154.219-64.431 26.857 0 52.573 4.884 76.309 13.812l-1.494-0.493z" class="path4" fill="rgb(130, 188, 0)"></path></svg></div></div></span>Nature's Promise Organic Sweet Baby Lettuce</h3></div><div class="product-grid-cell_price-container" role="link" data-block-spinner="true" data-product-id="212395"><div class="product-grid-cell_regular-price-container"><span class="product-grid-cell_was" aria-hidden="true"></span><span class="product-grid-cell_regular-price"></span></div><span class="product-grid-cell_main-price select-text">$3.49</span><span class="product-grid-cell_hidden-price"></span></div><span class="product-grid-cell_size select-text" role="link" data-block-spinner="true" data-product-id="212395">5 oz pkg</span><span data-block-spinner="true" data-product-id="212395"><span class="product-grid-cell_unit select-text"> | $0.70 / oz</span></span><div class="buy-more-save-more_cta-grid-container"></div><div class="add-to-cart"><div class="add-to-cart_button"><button class="button button--add-to-cart" data-product-id="212395" data-price="3.49" data-cart-log-location="BROWSE_AISLES" data-persisted-quantity="0" data-other-information="{&quot;catPath&quot;:&quot;1,2098,2275&quot;,&quot;sale&quot;:false,&quot;newArrival&quot;:false,&quot;sponsored&quot;:false,&quot;includeContentTrackingInfo&quot;:true}">Add to Cart</button></div><span class="element-invisible" aria-live="assertive"></span></div></div><div class="spyglass-container"></div></li><li role="region" tabindex="-1" aria-label="Nature&#39;s Promise Organic Green Beans" class="product-cell product-grid-cell product-grid-cell--quad" data-id="26-&gt;212681" data-position="26"><div class="confirmation-wrapper confirmation-wrapper--hidden" id="confirmation-wrapper--212681"><div class="confirmation-whitewash"><div class="confirmation-dialog"><div class="confirmation-dialog_messages" tabindex="0"><h4 class="confirmation-dialog_message-headline">Remove This Item From Your Cart?</h4></div><div class="confirmation-dialog_action-container"><div class="confirmation-dialog_confirmation-button"><button class="button button--fourth" tabindex="0" data-product-id="212681" data-cart-log-location="BROWSE_AISLES" data-persisted-quantity="undefined" data-price="4.39">OK</button></div><div class="confirmation-dialog_cancel-button"><button class="button button--fourth" tabindex="0" data-product-id="212681">Cancel</button></div></div></div></div></div><div class="confirmation-wrapper" style="display: none;"><div class="confirmation-whitewash"></div></div><img src="./Produce_Packaged_Produce_Salads_files/US7XT.jpg" alt="Nature&#39;s Promise Organic Green Beans" class="product-grid-cell_main-image" data-block-spinner="true" data-product-id="212681"><div class="product-grid-cell_price-tag"><div class="product-grid-cell_name" role="link" tabindex="0" data-block-spinner="true" data-product-id="212681"><h3 class="product-grid-cell_name-text select-text"><span class="vector-icon_inline-text--left"><div class="vector-icon_outer-wrapper"><div class="vector-icon_container vector-icon-size--xsmall"><svg version="1.1" x="0px" y="0px" focusable="false" viewBox="0 0 945 1024" class="" role="presentation" aria-hidden="true"><title>Ahold Wedge Icon</title><desc>Ahold Icon</desc><path d="M1.893 730.617c-1.289-2.094-2.052-4.631-2.052-7.346 0-0.747 0.058-1.481 0.169-2.197 0.158-12.396 10.227-22.466 22.687-22.634l895.306-0c12.476 0.168 22.545 10.237 22.713 22.698-0.521 3.721-1.182 6.924-2.024 10.053l0.131-0.574c-86.363 175.072-263.598 293.385-468.466 293.385s-382.103-118.313-467.105-290.339l-1.361-3.046z" class="path1" fill="rgb(247, 168, 0)"></path><path d="M107.889 132.495c1.893-1.893 1.893-3.786 3.786-5.678 2.98-3.491 7.385-5.69 12.303-5.69s9.323 2.199 12.284 5.668l0.019 0.022 476.983 476.983c3.491 2.98 5.69 7.385 5.69 12.303s-2.199 9.323-5.668 12.284c-1.399 1.869-3.361 3.216-5.631 3.789l-0.069 0.015c-38.446 13.732-82.796 21.669-129.001 21.669-108.416 0-206.626-43.699-277.977-114.443-70.367-71.826-113.809-170.317-113.809-278.955 0-45.803 7.722-89.803 21.936-130.767l-0.845 2.8z" class="path2" fill="rgb(226, 35, 26)"></path><path d="M600.015 1.893c1.247-1.204 2.948-1.946 4.822-1.946 0.302 0 0.6 0.019 0.891 0.057 0.057-0.006 0.164-0.007 0.272-0.007 7.15 0 12.947 5.796 12.947 12.947 0 0.108-0.001 0.215-0.004 0.322l0-0.016v503.482c0.002 0.091 0.004 0.199 0.004 0.306 0 7.15-5.796 12.947-12.947 12.947-0.108 0-0.215-0.001-0.322-0.004-0.241 0.034-0.539 0.053-0.841 0.053-1.874 0-3.574-0.742-4.824-1.948l0.002 0.002c-98.273-48.542-164.673-148.065-164.673-263.098s66.401-214.556 162.964-262.333l1.709-0.765z" class="path3" fill="rgb(113, 33, 119)"></path><path d="M938.824 283.919c1.893 0 1.893 1.893 3.786 1.893 1.765 2.012 2.841 4.666 2.841 7.571s-1.077 5.559-2.853 7.584l0.011-0.013-268.776 266.884c-2.012 1.765-4.666 2.841-7.571 2.841s-5.559-1.077-7.584-2.853c-1.144-0.651-1.911-1.879-1.911-3.285 0-0.172 0.012-0.342 0.034-0.508l-0.002 0.019c-7.681-21.529-12.12-46.363-12.12-72.235 0-61.263 24.891-116.712 65.111-156.786 39.326-39.792 93.895-64.431 154.219-64.431 26.857 0 52.573 4.884 76.309 13.812l-1.494-0.493z" class="path4" fill="rgb(130, 188, 0)"></path></svg></div></div></span>Nature's Promise Organic Green Beans</h3></div><div class="product-grid-cell_price-container" role="link" data-block-spinner="true" data-product-id="212681"><div class="product-grid-cell_regular-price-container"><span class="product-grid-cell_was" aria-hidden="true"></span><span class="product-grid-cell_regular-price"></span></div><span class="product-grid-cell_main-price select-text">$4.39</span><span class="product-grid-cell_hidden-price"></span></div><span class="product-grid-cell_size select-text" role="link" data-block-spinner="true" data-product-id="212681">10 oz bag</span><span data-block-spinner="true" data-product-id="212681"><span class="product-grid-cell_unit select-text"> | $0.44 / oz</span></span><div class="buy-more-save-more_cta-grid-container"></div><div class="add-to-cart"><div class="add-to-cart_button"><button class="button button--add-to-cart" data-product-id="212681" data-price="4.39" data-cart-log-location="BROWSE_AISLES" data-persisted-quantity="0" data-other-information="{&quot;catPath&quot;:&quot;1,2098,2275&quot;,&quot;sale&quot;:false,&quot;newArrival&quot;:false,&quot;sponsored&quot;:false,&quot;includeContentTrackingInfo&quot;:true}">Add to Cart</button></div><span class="element-invisible" aria-live="assertive"></span></div></div><div class="spyglass-container"></div></li><li role="region" tabindex="-1" aria-label="Stop &amp; Shop Salad Bowl Chicken Caesar" class="product-cell product-grid-cell product-grid-cell--quad" data-id="27-&gt;133887" data-position="27"><div class="confirmation-wrapper confirmation-wrapper--hidden" id="confirmation-wrapper--133887"><div class="confirmation-whitewash"><div class="confirmation-dialog"><div class="confirmation-dialog_messages" tabindex="0"><h4 class="confirmation-dialog_message-headline">Remove This Item From Your Cart?</h4></div><div class="confirmation-dialog_action-container"><div class="confirmation-dialog_confirmation-button"><button class="button button--fourth" tabindex="0" data-product-id="133887" data-cart-log-location="BROWSE_AISLES" data-persisted-quantity="undefined" data-price="3.5">OK</button></div><div class="confirmation-dialog_cancel-button"><button class="button button--fourth" tabindex="0" data-product-id="133887">Cancel</button></div></div></div></div></div><div class="confirmation-wrapper" style="display: none;"><div class="confirmation-whitewash"></div></div><img src="./Produce_Packaged_Produce_Salads_files/14JXK.jpg" alt="Stop &amp; Shop Salad Bowl Chicken Caesar" class="product-grid-cell_main-image" data-block-spinner="true" data-product-id="133887"><div class="product-grid-cell_price-tag"><div class="product-grid-cell_name" role="link" tabindex="0" data-block-spinner="true" data-product-id="133887"><h3 class="product-grid-cell_name-text select-text"><span class="vector-icon_inline-text--left"><div class="vector-icon_outer-wrapper"><div class="vector-icon_container vector-icon-size--xsmall"><svg version="1.1" x="0px" y="0px" focusable="false" viewBox="0 0 945 1024" class="" role="presentation" aria-hidden="true"><title>Ahold Wedge Icon</title><desc>Ahold Icon</desc><path d="M1.893 730.617c-1.289-2.094-2.052-4.631-2.052-7.346 0-0.747 0.058-1.481 0.169-2.197 0.158-12.396 10.227-22.466 22.687-22.634l895.306-0c12.476 0.168 22.545 10.237 22.713 22.698-0.521 3.721-1.182 6.924-2.024 10.053l0.131-0.574c-86.363 175.072-263.598 293.385-468.466 293.385s-382.103-118.313-467.105-290.339l-1.361-3.046z" class="path1" fill="rgb(247, 168, 0)"></path><path d="M107.889 132.495c1.893-1.893 1.893-3.786 3.786-5.678 2.98-3.491 7.385-5.69 12.303-5.69s9.323 2.199 12.284 5.668l0.019 0.022 476.983 476.983c3.491 2.98 5.69 7.385 5.69 12.303s-2.199 9.323-5.668 12.284c-1.399 1.869-3.361 3.216-5.631 3.789l-0.069 0.015c-38.446 13.732-82.796 21.669-129.001 21.669-108.416 0-206.626-43.699-277.977-114.443-70.367-71.826-113.809-170.317-113.809-278.955 0-45.803 7.722-89.803 21.936-130.767l-0.845 2.8z" class="path2" fill="rgb(226, 35, 26)"></path><path d="M600.015 1.893c1.247-1.204 2.948-1.946 4.822-1.946 0.302 0 0.6 0.019 0.891 0.057 0.057-0.006 0.164-0.007 0.272-0.007 7.15 0 12.947 5.796 12.947 12.947 0 0.108-0.001 0.215-0.004 0.322l0-0.016v503.482c0.002 0.091 0.004 0.199 0.004 0.306 0 7.15-5.796 12.947-12.947 12.947-0.108 0-0.215-0.001-0.322-0.004-0.241 0.034-0.539 0.053-0.841 0.053-1.874 0-3.574-0.742-4.824-1.948l0.002 0.002c-98.273-48.542-164.673-148.065-164.673-263.098s66.401-214.556 162.964-262.333l1.709-0.765z" class="path3" fill="rgb(113, 33, 119)"></path><path d="M938.824 283.919c1.893 0 1.893 1.893 3.786 1.893 1.765 2.012 2.841 4.666 2.841 7.571s-1.077 5.559-2.853 7.584l0.011-0.013-268.776 266.884c-2.012 1.765-4.666 2.841-7.571 2.841s-5.559-1.077-7.584-2.853c-1.144-0.651-1.911-1.879-1.911-3.285 0-0.172 0.012-0.342 0.034-0.508l-0.002 0.019c-7.681-21.529-12.12-46.363-12.12-72.235 0-61.263 24.891-116.712 65.111-156.786 39.326-39.792 93.895-64.431 154.219-64.431 26.857 0 52.573 4.884 76.309 13.812l-1.494-0.493z" class="path4" fill="rgb(130, 188, 0)"></path></svg></div></div></span>Stop &amp; Shop Salad Bowl Chicken Caesar</h3></div><div class="product-grid-cell_price-container" role="link" data-block-spinner="true" data-product-id="133887"><div class="product-grid-cell_regular-price-container"><span class="product-grid-cell_was" aria-hidden="true"></span><span class="product-grid-cell_regular-price"></span></div><span class="product-grid-cell_main-price select-text">$3.50</span><span class="product-grid-cell_hidden-price"></span></div><span class="product-grid-cell_size select-text" role="link" data-block-spinner="true" data-product-id="133887">6.25 oz bwl</span><span data-block-spinner="true" data-product-id="133887"><span class="product-grid-cell_unit select-text"> | $0.56 / oz</span></span><div class="buy-more-save-more_cta-grid-container"></div><div class="add-to-cart"><div class="add-to-cart_button"><button class="button button--add-to-cart" data-product-id="133887" data-price="3.5" data-cart-log-location="BROWSE_AISLES" data-persisted-quantity="0" data-other-information="{&quot;catPath&quot;:&quot;1,2098,2275&quot;,&quot;sale&quot;:false,&quot;newArrival&quot;:false,&quot;sponsored&quot;:false,&quot;includeContentTrackingInfo&quot;:true}">Add to Cart</button></div><span class="element-invisible" aria-live="assertive"></span></div></div><div class="spyglass-container"></div></li><li role="region" tabindex="-1" aria-label="Nature&#39;s Promise Organic Spring Mix" class="product-cell product-grid-cell product-grid-cell--quad" data-id="28-&gt;155128" data-position="28"><div class="confirmation-wrapper confirmation-wrapper--hidden" id="confirmation-wrapper--155128"><div class="confirmation-whitewash"><div class="confirmation-dialog"><div class="confirmation-dialog_messages" tabindex="0"><h4 class="confirmation-dialog_message-headline">Remove This Item From Your Cart?</h4></div><div class="confirmation-dialog_action-container"><div class="confirmation-dialog_confirmation-button"><button class="button button--fourth" tabindex="0" data-product-id="155128" data-cart-log-location="BROWSE_AISLES" data-persisted-quantity="undefined" data-price="5">OK</button></div><div class="confirmation-dialog_cancel-button"><button class="button button--fourth" tabindex="0" data-product-id="155128">Cancel</button></div></div></div></div></div><div class="confirmation-wrapper" style="display: none;"><div class="confirmation-whitewash"></div></div><img src="./Produce_Packaged_Produce_Salads_files/8Z0CB.jpg" alt="Nature&#39;s Promise Organic Spring Mix" class="product-grid-cell_main-image" data-block-spinner="true" data-product-id="155128"><div class="product-grid-cell_price-tag"><div class="product-grid-cell_name" role="link" tabindex="0" data-block-spinner="true" data-product-id="155128"><h3 class="product-grid-cell_name-text select-text"><span class="vector-icon_inline-text--left"><div class="vector-icon_outer-wrapper"><div class="vector-icon_container vector-icon-size--xsmall"><svg version="1.1" x="0px" y="0px" focusable="false" viewBox="0 0 945 1024" class="" role="presentation" aria-hidden="true"><title>Ahold Wedge Icon</title><desc>Ahold Icon</desc><path d="M1.893 730.617c-1.289-2.094-2.052-4.631-2.052-7.346 0-0.747 0.058-1.481 0.169-2.197 0.158-12.396 10.227-22.466 22.687-22.634l895.306-0c12.476 0.168 22.545 10.237 22.713 22.698-0.521 3.721-1.182 6.924-2.024 10.053l0.131-0.574c-86.363 175.072-263.598 293.385-468.466 293.385s-382.103-118.313-467.105-290.339l-1.361-3.046z" class="path1" fill="rgb(247, 168, 0)"></path><path d="M107.889 132.495c1.893-1.893 1.893-3.786 3.786-5.678 2.98-3.491 7.385-5.69 12.303-5.69s9.323 2.199 12.284 5.668l0.019 0.022 476.983 476.983c3.491 2.98 5.69 7.385 5.69 12.303s-2.199 9.323-5.668 12.284c-1.399 1.869-3.361 3.216-5.631 3.789l-0.069 0.015c-38.446 13.732-82.796 21.669-129.001 21.669-108.416 0-206.626-43.699-277.977-114.443-70.367-71.826-113.809-170.317-113.809-278.955 0-45.803 7.722-89.803 21.936-130.767l-0.845 2.8z" class="path2" fill="rgb(226, 35, 26)"></path><path d="M600.015 1.893c1.247-1.204 2.948-1.946 4.822-1.946 0.302 0 0.6 0.019 0.891 0.057 0.057-0.006 0.164-0.007 0.272-0.007 7.15 0 12.947 5.796 12.947 12.947 0 0.108-0.001 0.215-0.004 0.322l0-0.016v503.482c0.002 0.091 0.004 0.199 0.004 0.306 0 7.15-5.796 12.947-12.947 12.947-0.108 0-0.215-0.001-0.322-0.004-0.241 0.034-0.539 0.053-0.841 0.053-1.874 0-3.574-0.742-4.824-1.948l0.002 0.002c-98.273-48.542-164.673-148.065-164.673-263.098s66.401-214.556 162.964-262.333l1.709-0.765z" class="path3" fill="rgb(113, 33, 119)"></path><path d="M938.824 283.919c1.893 0 1.893 1.893 3.786 1.893 1.765 2.012 2.841 4.666 2.841 7.571s-1.077 5.559-2.853 7.584l0.011-0.013-268.776 266.884c-2.012 1.765-4.666 2.841-7.571 2.841s-5.559-1.077-7.584-2.853c-1.144-0.651-1.911-1.879-1.911-3.285 0-0.172 0.012-0.342 0.034-0.508l-0.002 0.019c-7.681-21.529-12.12-46.363-12.12-72.235 0-61.263 24.891-116.712 65.111-156.786 39.326-39.792 93.895-64.431 154.219-64.431 26.857 0 52.573 4.884 76.309 13.812l-1.494-0.493z" class="path4" fill="rgb(130, 188, 0)"></path></svg></div></div></span>Nature's Promise Organic Spring Mix</h3></div><div class="product-grid-cell_price-container" role="link" data-block-spinner="true" data-product-id="155128"><div class="product-grid-cell_regular-price-container"><span class="product-grid-cell_was" aria-hidden="true"></span><span class="product-grid-cell_regular-price"></span></div><span class="product-grid-cell_main-price select-text">$5.00</span><span class="product-grid-cell_hidden-price"></span></div><span class="product-grid-cell_size select-text" role="link" data-block-spinner="true" data-product-id="155128">11 oz pkg</span><span data-block-spinner="true" data-product-id="155128"><span class="product-grid-cell_unit select-text"> | $0.45 / oz</span></span><div class="buy-more-save-more_cta-grid-container"></div><div class="add-to-cart"><div class="add-to-cart_button"><button class="button button--add-to-cart" data-product-id="155128" data-price="5" data-cart-log-location="BROWSE_AISLES" data-persisted-quantity="0" data-other-information="{&quot;catPath&quot;:&quot;1,2098,2275&quot;,&quot;sale&quot;:false,&quot;newArrival&quot;:false,&quot;sponsored&quot;:false,&quot;includeContentTrackingInfo&quot;:true}">Add to Cart</button></div><span class="element-invisible" aria-live="assertive"></span></div></div><div class="spyglass-container"></div></li><li role="region" tabindex="-1" aria-label="Dole Classic Salad Kit Caesar Light" class="product-cell product-grid-cell product-grid-cell--quad" data-id="29-&gt;118746" data-position="29"><div class="confirmation-wrapper confirmation-wrapper--hidden" id="confirmation-wrapper--118746"><div class="confirmation-whitewash"><div class="confirmation-dialog"><div class="confirmation-dialog_messages" tabindex="0"><h4 class="confirmation-dialog_message-headline">Remove This Item From Your Cart?</h4></div><div class="confirmation-dialog_action-container"><div class="confirmation-dialog_confirmation-button"><button class="button button--fourth" tabindex="0" data-product-id="118746" data-cart-log-location="BROWSE_AISLES" data-persisted-quantity="undefined" data-price="2.5">OK</button></div><div class="confirmation-dialog_cancel-button"><button class="button button--fourth" tabindex="0" data-product-id="118746">Cancel</button></div></div></div></div></div><div class="confirmation-wrapper" style="display: none;"><div class="confirmation-whitewash"></div></div><div class="item-detail_flag--outer-container"><div class="item-detail_flag--container"><div class="item-detail_flag--flag sale">Sale</div></div></div><img src="./Produce_Packaged_Produce_Salads_files/I24XX.jpg" alt="Dole Classic Salad Kit Caesar Light" class="product-grid-cell_main-image" data-block-spinner="true" data-product-id="118746"><div class="product-grid-cell_price-tag"><div class="product-grid-cell_name" role="link" tabindex="0" data-block-spinner="true" data-product-id="118746"><h3 class="product-grid-cell_name-text select-text">Dole Classic Salad Kit Caesar Light</h3></div><div class="product-grid-cell_price-container" role="link" data-block-spinner="true" data-product-id="118746"><div class="product-grid-cell_regular-price-container"><span class="product-grid-cell_was" aria-hidden="true"></span><span class="product-grid-cell_regular-price"></span></div><span class="product-grid-cell_main-price select-text product-grid-cell_main-price--on-sale">$2.50</span><span class="product-grid-cell_hidden-price"></span></div><span class="product-grid-cell_size select-text" role="link" data-block-spinner="true" data-product-id="118746">9.7 oz bag</span><span data-block-spinner="true" data-product-id="118746"><span class="product-grid-cell_unit select-text"> | $0.26 / oz</span></span><div class="buy-more-save-more_cta-grid-container"></div><div class="add-to-cart"><div class="add-to-cart_button"><button class="button button--add-to-cart" data-product-id="118746" data-price="2.5" data-cart-log-location="BROWSE_AISLES" data-persisted-quantity="0" data-other-information="{&quot;catPath&quot;:&quot;1,2098,2275&quot;,&quot;sale&quot;:true,&quot;newArrival&quot;:false,&quot;sponsored&quot;:false,&quot;includeContentTrackingInfo&quot;:true}">Add to Cart</button></div><span class="element-invisible" aria-live="assertive"></span></div></div><div class="spyglass-container"></div></li><li role="region" tabindex="-1" aria-label="Simply Spuds Steamables Sweet Potatoes Petite Microwavable" class="product-cell product-grid-cell product-grid-cell--quad" data-id="30-&gt;195099" data-position="30"><div class="confirmation-wrapper confirmation-wrapper--hidden" id="confirmation-wrapper--195099"><div class="confirmation-whitewash"><div class="confirmation-dialog"><div class="confirmation-dialog_messages" tabindex="0"><h4 class="confirmation-dialog_message-headline">Remove This Item From Your Cart?</h4></div><div class="confirmation-dialog_action-container"><div class="confirmation-dialog_confirmation-button"><button class="button button--fourth" tabindex="0" data-product-id="195099" data-cart-log-location="BROWSE_AISLES" data-persisted-quantity="undefined" data-price="2.99">OK</button></div><div class="confirmation-dialog_cancel-button"><button class="button button--fourth" tabindex="0" data-product-id="195099">Cancel</button></div></div></div></div></div><div class="confirmation-wrapper" style="display: none;"><div class="confirmation-whitewash"></div></div><img src="./Produce_Packaged_Produce_Salads_files/QLKRE.jpg" alt="Simply Spuds Steamables Sweet Potatoes Petite Microwavable" class="product-grid-cell_main-image" data-block-spinner="true" data-product-id="195099"><div class="product-grid-cell_price-tag"><div class="product-grid-cell_name" role="link" tabindex="0" data-block-spinner="true" data-product-id="195099"><h3 class="product-grid-cell_name-text select-text">Simply Spuds Steamables Sweet Potatoes Petite Microwavable</h3></div><div class="product-grid-cell_price-container" role="link" data-block-spinner="true" data-product-id="195099"><div class="product-grid-cell_regular-price-container"><span class="product-grid-cell_was" aria-hidden="true"></span><span class="product-grid-cell_regular-price"></span></div><span class="product-grid-cell_main-price select-text">$2.99</span><span class="product-grid-cell_hidden-price"></span></div><span class="product-grid-cell_size select-text" role="link" data-block-spinner="true" data-product-id="195099">24 oz pkg</span><span data-block-spinner="true" data-product-id="195099"><span class="product-grid-cell_unit select-text"> | $0.12 / oz</span></span><div class="buy-more-save-more_cta-grid-container"></div><div class="add-to-cart"><div class="add-to-cart_button"><button class="button button--add-to-cart" data-product-id="195099" data-price="2.99" data-cart-log-location="BROWSE_AISLES" data-persisted-quantity="0" data-other-information="{&quot;catPath&quot;:&quot;1,2098,2275&quot;,&quot;sale&quot;:false,&quot;newArrival&quot;:false,&quot;sponsored&quot;:false,&quot;includeContentTrackingInfo&quot;:true}">Add to Cart</button></div><span class="element-invisible" aria-live="assertive"></span></div></div><div class="spyglass-container"></div></li><li role="region" tabindex="-1" aria-label="Mann&#39;s Sugar Snap Peas Stringless" class="product-cell product-grid-cell product-grid-cell--quad" data-id="31-&gt;150554" data-position="31"><div class="confirmation-wrapper confirmation-wrapper--hidden" id="confirmation-wrapper--150554"><div class="confirmation-whitewash"><div class="confirmation-dialog"><div class="confirmation-dialog_messages" tabindex="0"><h4 class="confirmation-dialog_message-headline">Remove This Item From Your Cart?</h4></div><div class="confirmation-dialog_action-container"><div class="confirmation-dialog_confirmation-button"><button class="button button--fourth" tabindex="0" data-product-id="150554" data-cart-log-location="BROWSE_AISLES" data-persisted-quantity="undefined" data-price="3.99">OK</button></div><div class="confirmation-dialog_cancel-button"><button class="button button--fourth" tabindex="0" data-product-id="150554">Cancel</button></div></div></div></div></div><div class="confirmation-wrapper" style="display: none;"><div class="confirmation-whitewash"></div></div><img src="./Produce_Packaged_Produce_Salads_files/EETS7.jpg" alt="Mann&#39;s Sugar Snap Peas Stringless" class="product-grid-cell_main-image" data-block-spinner="true" data-product-id="150554"><div class="product-grid-cell_price-tag"><div class="product-grid-cell_name" role="link" tabindex="0" data-block-spinner="true" data-product-id="150554"><h3 class="product-grid-cell_name-text select-text">Mann's Sugar Snap Peas Stringless</h3></div><div class="product-grid-cell_price-container" role="link" data-block-spinner="true" data-product-id="150554"><div class="product-grid-cell_regular-price-container"><span class="product-grid-cell_was" aria-hidden="true"></span><span class="product-grid-cell_regular-price"></span></div><span class="product-grid-cell_main-price select-text">$3.99</span><span class="product-grid-cell_hidden-price"></span></div><span class="product-grid-cell_size select-text" role="link" data-block-spinner="true" data-product-id="150554">8 oz bag</span><span data-block-spinner="true" data-product-id="150554"><span class="product-grid-cell_unit select-text"> | $0.50 / oz</span></span><div class="buy-more-save-more_cta-grid-container"></div><div class="add-to-cart"><div class="add-to-cart_button"><button class="button button--add-to-cart" data-product-id="150554" data-price="3.99" data-cart-log-location="BROWSE_AISLES" data-persisted-quantity="0" data-other-information="{&quot;catPath&quot;:&quot;1,2098,2275&quot;,&quot;sale&quot;:false,&quot;newArrival&quot;:false,&quot;sponsored&quot;:false,&quot;includeContentTrackingInfo&quot;:true}">Add to Cart</button></div><span class="element-invisible" aria-live="assertive"></span></div></div><div class="spyglass-container"></div></li><li role="region" tabindex="-1" aria-label="Stop &amp; Shop Carrots Petite" class="product-cell product-grid-cell product-grid-cell--quad" data-id="32-&gt;214961" data-position="32"><div class="confirmation-wrapper confirmation-wrapper--hidden" id="confirmation-wrapper--214961"><div class="confirmation-whitewash"><div class="confirmation-dialog"><div class="confirmation-dialog_messages" tabindex="0"><h4 class="confirmation-dialog_message-headline">Remove This Item From Your Cart?</h4></div><div class="confirmation-dialog_action-container"><div class="confirmation-dialog_confirmation-button"><button class="button button--fourth" tabindex="0" data-product-id="214961" data-cart-log-location="BROWSE_AISLES" data-persisted-quantity="undefined" data-price="2.89">OK</button></div><div class="confirmation-dialog_cancel-button"><button class="button button--fourth" tabindex="0" data-product-id="214961">Cancel</button></div></div></div></div></div><div class="confirmation-wrapper" style="display: none;"><div class="confirmation-whitewash"></div></div><img src="./Produce_Packaged_Produce_Salads_files/Y51HX.jpg" alt="Stop &amp; Shop Carrots Petite" class="product-grid-cell_main-image" data-block-spinner="true" data-product-id="214961"><div class="product-grid-cell_price-tag"><div class="product-grid-cell_name" role="link" tabindex="0" data-block-spinner="true" data-product-id="214961"><h3 class="product-grid-cell_name-text select-text"><span class="vector-icon_inline-text--left"><div class="vector-icon_outer-wrapper"><div class="vector-icon_container vector-icon-size--xsmall"><svg version="1.1" x="0px" y="0px" focusable="false" viewBox="0 0 945 1024" class="" role="presentation" aria-hidden="true"><title>Ahold Wedge Icon</title><desc>Ahold Icon</desc><path d="M1.893 730.617c-1.289-2.094-2.052-4.631-2.052-7.346 0-0.747 0.058-1.481 0.169-2.197 0.158-12.396 10.227-22.466 22.687-22.634l895.306-0c12.476 0.168 22.545 10.237 22.713 22.698-0.521 3.721-1.182 6.924-2.024 10.053l0.131-0.574c-86.363 175.072-263.598 293.385-468.466 293.385s-382.103-118.313-467.105-290.339l-1.361-3.046z" class="path1" fill="rgb(247, 168, 0)"></path><path d="M107.889 132.495c1.893-1.893 1.893-3.786 3.786-5.678 2.98-3.491 7.385-5.69 12.303-5.69s9.323 2.199 12.284 5.668l0.019 0.022 476.983 476.983c3.491 2.98 5.69 7.385 5.69 12.303s-2.199 9.323-5.668 12.284c-1.399 1.869-3.361 3.216-5.631 3.789l-0.069 0.015c-38.446 13.732-82.796 21.669-129.001 21.669-108.416 0-206.626-43.699-277.977-114.443-70.367-71.826-113.809-170.317-113.809-278.955 0-45.803 7.722-89.803 21.936-130.767l-0.845 2.8z" class="path2" fill="rgb(226, 35, 26)"></path><path d="M600.015 1.893c1.247-1.204 2.948-1.946 4.822-1.946 0.302 0 0.6 0.019 0.891 0.057 0.057-0.006 0.164-0.007 0.272-0.007 7.15 0 12.947 5.796 12.947 12.947 0 0.108-0.001 0.215-0.004 0.322l0-0.016v503.482c0.002 0.091 0.004 0.199 0.004 0.306 0 7.15-5.796 12.947-12.947 12.947-0.108 0-0.215-0.001-0.322-0.004-0.241 0.034-0.539 0.053-0.841 0.053-1.874 0-3.574-0.742-4.824-1.948l0.002 0.002c-98.273-48.542-164.673-148.065-164.673-263.098s66.401-214.556 162.964-262.333l1.709-0.765z" class="path3" fill="rgb(113, 33, 119)"></path><path d="M938.824 283.919c1.893 0 1.893 1.893 3.786 1.893 1.765 2.012 2.841 4.666 2.841 7.571s-1.077 5.559-2.853 7.584l0.011-0.013-268.776 266.884c-2.012 1.765-4.666 2.841-7.571 2.841s-5.559-1.077-7.584-2.853c-1.144-0.651-1.911-1.879-1.911-3.285 0-0.172 0.012-0.342 0.034-0.508l-0.002 0.019c-7.681-21.529-12.12-46.363-12.12-72.235 0-61.263 24.891-116.712 65.111-156.786 39.326-39.792 93.895-64.431 154.219-64.431 26.857 0 52.573 4.884 76.309 13.812l-1.494-0.493z" class="path4" fill="rgb(130, 188, 0)"></path></svg></div></div></span>Stop &amp; Shop Carrots Petite</h3></div><div class="product-grid-cell_price-container" role="link" data-block-spinner="true" data-product-id="214961"><div class="product-grid-cell_regular-price-container"><span class="product-grid-cell_was" aria-hidden="true"></span><span class="product-grid-cell_regular-price"></span></div><span class="product-grid-cell_main-price select-text">$2.89</span><span class="product-grid-cell_hidden-price"></span></div><span class="product-grid-cell_size select-text" role="link" data-block-spinner="true" data-product-id="214961">12 oz bag</span><span data-block-spinner="true" data-product-id="214961"><span class="product-grid-cell_unit select-text"> | $0.24 / oz</span></span><div class="buy-more-save-more_cta-grid-container"></div><div class="add-to-cart"><div class="add-to-cart_button"><button class="button button--add-to-cart" data-product-id="214961" data-price="2.89" data-cart-log-location="BROWSE_AISLES" data-persisted-quantity="0" data-other-information="{&quot;catPath&quot;:&quot;1,2098,2275&quot;,&quot;sale&quot;:false,&quot;newArrival&quot;:false,&quot;sponsored&quot;:false,&quot;includeContentTrackingInfo&quot;:true}">Add to Cart</button></div><span class="element-invisible" aria-live="assertive"></span></div></div><div class="spyglass-container"></div></li><li role="region" tabindex="-1" aria-label="Stop &amp; Shop Sweet Potato Microwavable" class="product-cell product-grid-cell product-grid-cell--quad" data-id="33-&gt;220314" data-position="33"><div class="confirmation-wrapper confirmation-wrapper--hidden" id="confirmation-wrapper--220314"><div class="confirmation-whitewash"><div class="confirmation-dialog"><div class="confirmation-dialog_messages" tabindex="0"><h4 class="confirmation-dialog_message-headline">Remove This Item From Your Cart?</h4></div><div class="confirmation-dialog_action-container"><div class="confirmation-dialog_confirmation-button"><button class="button button--fourth" tabindex="0" data-product-id="220314" data-cart-log-location="BROWSE_AISLES" data-persisted-quantity="undefined" data-price="1.5">OK</button></div><div class="confirmation-dialog_cancel-button"><button class="button button--fourth" tabindex="0" data-product-id="220314">Cancel</button></div></div></div></div></div><div class="confirmation-wrapper" style="display: none;"><div class="confirmation-whitewash"></div></div><img src="./Produce_Packaged_Produce_Salads_files/NT5AP.jpg" alt="Stop &amp; Shop Sweet Potato Microwavable" class="product-grid-cell_main-image" data-block-spinner="true" data-product-id="220314"><div class="product-grid-cell_price-tag"><div class="product-grid-cell_name" role="link" tabindex="0" data-block-spinner="true" data-product-id="220314"><h3 class="product-grid-cell_name-text select-text"><span class="vector-icon_inline-text--left"><div class="vector-icon_outer-wrapper"><div class="vector-icon_container vector-icon-size--xsmall"><svg version="1.1" x="0px" y="0px" focusable="false" viewBox="0 0 945 1024" class="" role="presentation" aria-hidden="true"><title>Ahold Wedge Icon</title><desc>Ahold Icon</desc><path d="M1.893 730.617c-1.289-2.094-2.052-4.631-2.052-7.346 0-0.747 0.058-1.481 0.169-2.197 0.158-12.396 10.227-22.466 22.687-22.634l895.306-0c12.476 0.168 22.545 10.237 22.713 22.698-0.521 3.721-1.182 6.924-2.024 10.053l0.131-0.574c-86.363 175.072-263.598 293.385-468.466 293.385s-382.103-118.313-467.105-290.339l-1.361-3.046z" class="path1" fill="rgb(247, 168, 0)"></path><path d="M107.889 132.495c1.893-1.893 1.893-3.786 3.786-5.678 2.98-3.491 7.385-5.69 12.303-5.69s9.323 2.199 12.284 5.668l0.019 0.022 476.983 476.983c3.491 2.98 5.69 7.385 5.69 12.303s-2.199 9.323-5.668 12.284c-1.399 1.869-3.361 3.216-5.631 3.789l-0.069 0.015c-38.446 13.732-82.796 21.669-129.001 21.669-108.416 0-206.626-43.699-277.977-114.443-70.367-71.826-113.809-170.317-113.809-278.955 0-45.803 7.722-89.803 21.936-130.767l-0.845 2.8z" class="path2" fill="rgb(226, 35, 26)"></path><path d="M600.015 1.893c1.247-1.204 2.948-1.946 4.822-1.946 0.302 0 0.6 0.019 0.891 0.057 0.057-0.006 0.164-0.007 0.272-0.007 7.15 0 12.947 5.796 12.947 12.947 0 0.108-0.001 0.215-0.004 0.322l0-0.016v503.482c0.002 0.091 0.004 0.199 0.004 0.306 0 7.15-5.796 12.947-12.947 12.947-0.108 0-0.215-0.001-0.322-0.004-0.241 0.034-0.539 0.053-0.841 0.053-1.874 0-3.574-0.742-4.824-1.948l0.002 0.002c-98.273-48.542-164.673-148.065-164.673-263.098s66.401-214.556 162.964-262.333l1.709-0.765z" class="path3" fill="rgb(113, 33, 119)"></path><path d="M938.824 283.919c1.893 0 1.893 1.893 3.786 1.893 1.765 2.012 2.841 4.666 2.841 7.571s-1.077 5.559-2.853 7.584l0.011-0.013-268.776 266.884c-2.012 1.765-4.666 2.841-7.571 2.841s-5.559-1.077-7.584-2.853c-1.144-0.651-1.911-1.879-1.911-3.285 0-0.172 0.012-0.342 0.034-0.508l-0.002 0.019c-7.681-21.529-12.12-46.363-12.12-72.235 0-61.263 24.891-116.712 65.111-156.786 39.326-39.792 93.895-64.431 154.219-64.431 26.857 0 52.573 4.884 76.309 13.812l-1.494-0.493z" class="path4" fill="rgb(130, 188, 0)"></path></svg></div></div></span>Stop &amp; Shop Sweet Potato Microwavable</h3></div><div class="product-grid-cell_price-container" role="link" data-block-spinner="true" data-product-id="220314"><div class="product-grid-cell_regular-price-container"><span class="product-grid-cell_was" aria-hidden="true"></span><span class="product-grid-cell_regular-price"></span></div><span class="product-grid-cell_main-price select-text">$1.50</span><span class="product-grid-cell_hidden-price"></span></div><span class="product-grid-cell_size select-text" role="link" data-block-spinner="true" data-product-id="220314">6 oz pkg</span><span data-block-spinner="true" data-product-id="220314"><span class="product-grid-cell_unit select-text"> | $0.25 / oz</span></span><div class="buy-more-save-more_cta-grid-container"></div><div class="add-to-cart"><div class="add-to-cart_button"><button class="button button--add-to-cart" data-product-id="220314" data-price="1.5" data-cart-log-location="BROWSE_AISLES" data-persisted-quantity="0" data-other-information="{&quot;catPath&quot;:&quot;1,2098,2275&quot;,&quot;sale&quot;:false,&quot;newArrival&quot;:false,&quot;sponsored&quot;:false,&quot;includeContentTrackingInfo&quot;:true}">Add to Cart</button></div><span class="element-invisible" aria-live="assertive"></span></div></div><div class="spyglass-container"></div></li><li role="region" tabindex="-1" aria-label="Dole Classic Cole Slaw" class="product-cell product-grid-cell product-grid-cell--quad" data-id="34-&gt;110058" data-position="34"><div class="confirmation-wrapper confirmation-wrapper--hidden" id="confirmation-wrapper--110058"><div class="confirmation-whitewash"><div class="confirmation-dialog"><div class="confirmation-dialog_messages" tabindex="0"><h4 class="confirmation-dialog_message-headline">Remove This Item From Your Cart?</h4></div><div class="confirmation-dialog_action-container"><div class="confirmation-dialog_confirmation-button"><button class="button button--fourth" tabindex="0" data-product-id="110058" data-cart-log-location="BROWSE_AISLES" data-persisted-quantity="undefined" data-price="1.99">OK</button></div><div class="confirmation-dialog_cancel-button"><button class="button button--fourth" tabindex="0" data-product-id="110058">Cancel</button></div></div></div></div></div><div class="confirmation-wrapper" style="display: none;"><div class="confirmation-whitewash"></div></div><img src="./Produce_Packaged_Produce_Salads_files/JXQKW.jpg" alt="Dole Classic Cole Slaw" class="product-grid-cell_main-image" data-block-spinner="true" data-product-id="110058"><div class="product-grid-cell_price-tag"><div class="product-grid-cell_name" role="link" tabindex="0" data-block-spinner="true" data-product-id="110058"><h3 class="product-grid-cell_name-text select-text">Dole Classic Cole Slaw</h3></div><div class="product-grid-cell_price-container" role="link" data-block-spinner="true" data-product-id="110058"><div class="product-grid-cell_regular-price-container"><span class="product-grid-cell_was" aria-hidden="true"></span><span class="product-grid-cell_regular-price"></span></div><span class="product-grid-cell_main-price select-text">$1.99</span><span class="product-grid-cell_hidden-price"></span></div><span class="product-grid-cell_size select-text" role="link" data-block-spinner="true" data-product-id="110058">14 oz bag</span><span data-block-spinner="true" data-product-id="110058"><span class="product-grid-cell_unit select-text"> | $0.14 / oz</span></span><div class="buy-more-save-more_cta-grid-container"></div><div class="add-to-cart"><div class="add-to-cart_button"><button class="button button--add-to-cart" data-product-id="110058" data-price="1.99" data-cart-log-location="BROWSE_AISLES" data-persisted-quantity="0" data-other-information="{&quot;catPath&quot;:&quot;1,2098,2275&quot;,&quot;sale&quot;:false,&quot;newArrival&quot;:false,&quot;sponsored&quot;:false,&quot;includeContentTrackingInfo&quot;:true}">Add to Cart</button></div><span class="element-invisible" aria-live="assertive"></span></div></div><div class="spyglass-container"></div></li><li role="region" tabindex="-1" aria-label="Dole Chopped Salad Kit Sesame Asian" class="product-cell product-grid-cell product-grid-cell--quad" data-id="35-&gt;209679" data-position="35"><div class="confirmation-wrapper confirmation-wrapper--hidden" id="confirmation-wrapper--209679"><div class="confirmation-whitewash"><div class="confirmation-dialog"><div class="confirmation-dialog_messages" tabindex="0"><h4 class="confirmation-dialog_message-headline">Remove This Item From Your Cart?</h4></div><div class="confirmation-dialog_action-container"><div class="confirmation-dialog_confirmation-button"><button class="button button--fourth" tabindex="0" data-product-id="209679" data-cart-log-location="BROWSE_AISLES" data-persisted-quantity="undefined" data-price="3.59">OK</button></div><div class="confirmation-dialog_cancel-button"><button class="button button--fourth" tabindex="0" data-product-id="209679">Cancel</button></div></div></div></div></div><div class="confirmation-wrapper" style="display: none;"><div class="confirmation-whitewash"></div></div><img src="./Produce_Packaged_Produce_Salads_files/ZLTDL.jpg" alt="Dole Chopped Salad Kit Sesame Asian" class="product-grid-cell_main-image" data-block-spinner="true" data-product-id="209679"><div class="product-grid-cell_price-tag"><div class="product-grid-cell_name" role="link" tabindex="0" data-block-spinner="true" data-product-id="209679"><h3 class="product-grid-cell_name-text select-text">Dole Chopped Salad Kit Sesame Asian</h3></div><div class="product-grid-cell_price-container" role="link" data-block-spinner="true" data-product-id="209679"><div class="product-grid-cell_regular-price-container"><span class="product-grid-cell_was" aria-hidden="true"></span><span class="product-grid-cell_regular-price"></span></div><span class="product-grid-cell_main-price select-text">$3.59</span><span class="product-grid-cell_hidden-price"></span></div><span class="product-grid-cell_size select-text" role="link" data-block-spinner="true" data-product-id="209679">13.6 oz bag</span><span data-block-spinner="true" data-product-id="209679"><span class="product-grid-cell_unit select-text"> | $0.26 / oz</span></span><div class="buy-more-save-more_cta-grid-container"></div><div class="add-to-cart"><div class="add-to-cart_button"><button class="button button--add-to-cart" data-product-id="209679" data-price="3.59" data-cart-log-location="BROWSE_AISLES" data-persisted-quantity="0" data-other-information="{&quot;catPath&quot;:&quot;1,2098,2275&quot;,&quot;sale&quot;:false,&quot;newArrival&quot;:false,&quot;sponsored&quot;:false,&quot;includeContentTrackingInfo&quot;:true}">Add to Cart</button></div><span class="element-invisible" aria-live="assertive"></span></div></div><div class="spyglass-container"></div></li><li role="region" tabindex="-1" aria-label="Stop &amp; Shop Broccoli Slaw" class="product-cell product-grid-cell product-grid-cell--quad" data-id="36-&gt;224553" data-position="36"><div class="confirmation-wrapper confirmation-wrapper--hidden" id="confirmation-wrapper--224553"><div class="confirmation-whitewash"><div class="confirmation-dialog"><div class="confirmation-dialog_messages" tabindex="0"><h4 class="confirmation-dialog_message-headline">Remove This Item From Your Cart?</h4></div><div class="confirmation-dialog_action-container"><div class="confirmation-dialog_confirmation-button"><button class="button button--fourth" tabindex="0" data-product-id="224553" data-cart-log-location="BROWSE_AISLES" data-persisted-quantity="undefined" data-price="1.99">OK</button></div><div class="confirmation-dialog_cancel-button"><button class="button button--fourth" tabindex="0" data-product-id="224553">Cancel</button></div></div></div></div></div><div class="confirmation-wrapper" style="display: none;"><div class="confirmation-whitewash"></div></div><img src="./Produce_Packaged_Produce_Salads_files/QCCV5.jpg" alt="Stop &amp; Shop Broccoli Slaw" class="product-grid-cell_main-image" data-block-spinner="true" data-product-id="224553"><div class="product-grid-cell_price-tag"><div class="product-grid-cell_name" role="link" tabindex="0" data-block-spinner="true" data-product-id="224553"><h3 class="product-grid-cell_name-text select-text"><span class="vector-icon_inline-text--left"><div class="vector-icon_outer-wrapper"><div class="vector-icon_container vector-icon-size--xsmall"><svg version="1.1" x="0px" y="0px" focusable="false" viewBox="0 0 945 1024" class="" role="presentation" aria-hidden="true"><title>Ahold Wedge Icon</title><desc>Ahold Icon</desc><path d="M1.893 730.617c-1.289-2.094-2.052-4.631-2.052-7.346 0-0.747 0.058-1.481 0.169-2.197 0.158-12.396 10.227-22.466 22.687-22.634l895.306-0c12.476 0.168 22.545 10.237 22.713 22.698-0.521 3.721-1.182 6.924-2.024 10.053l0.131-0.574c-86.363 175.072-263.598 293.385-468.466 293.385s-382.103-118.313-467.105-290.339l-1.361-3.046z" class="path1" fill="rgb(247, 168, 0)"></path><path d="M107.889 132.495c1.893-1.893 1.893-3.786 3.786-5.678 2.98-3.491 7.385-5.69 12.303-5.69s9.323 2.199 12.284 5.668l0.019 0.022 476.983 476.983c3.491 2.98 5.69 7.385 5.69 12.303s-2.199 9.323-5.668 12.284c-1.399 1.869-3.361 3.216-5.631 3.789l-0.069 0.015c-38.446 13.732-82.796 21.669-129.001 21.669-108.416 0-206.626-43.699-277.977-114.443-70.367-71.826-113.809-170.317-113.809-278.955 0-45.803 7.722-89.803 21.936-130.767l-0.845 2.8z" class="path2" fill="rgb(226, 35, 26)"></path><path d="M600.015 1.893c1.247-1.204 2.948-1.946 4.822-1.946 0.302 0 0.6 0.019 0.891 0.057 0.057-0.006 0.164-0.007 0.272-0.007 7.15 0 12.947 5.796 12.947 12.947 0 0.108-0.001 0.215-0.004 0.322l0-0.016v503.482c0.002 0.091 0.004 0.199 0.004 0.306 0 7.15-5.796 12.947-12.947 12.947-0.108 0-0.215-0.001-0.322-0.004-0.241 0.034-0.539 0.053-0.841 0.053-1.874 0-3.574-0.742-4.824-1.948l0.002 0.002c-98.273-48.542-164.673-148.065-164.673-263.098s66.401-214.556 162.964-262.333l1.709-0.765z" class="path3" fill="rgb(113, 33, 119)"></path><path d="M938.824 283.919c1.893 0 1.893 1.893 3.786 1.893 1.765 2.012 2.841 4.666 2.841 7.571s-1.077 5.559-2.853 7.584l0.011-0.013-268.776 266.884c-2.012 1.765-4.666 2.841-7.571 2.841s-5.559-1.077-7.584-2.853c-1.144-0.651-1.911-1.879-1.911-3.285 0-0.172 0.012-0.342 0.034-0.508l-0.002 0.019c-7.681-21.529-12.12-46.363-12.12-72.235 0-61.263 24.891-116.712 65.111-156.786 39.326-39.792 93.895-64.431 154.219-64.431 26.857 0 52.573 4.884 76.309 13.812l-1.494-0.493z" class="path4" fill="rgb(130, 188, 0)"></path></svg></div></div></span>Stop &amp; Shop Broccoli Slaw</h3></div><div class="product-grid-cell_price-container" role="link" data-block-spinner="true" data-product-id="224553"><div class="product-grid-cell_regular-price-container"><span class="product-grid-cell_was" aria-hidden="true"></span><span class="product-grid-cell_regular-price"></span></div><span class="product-grid-cell_main-price select-text">$1.99</span><span class="product-grid-cell_hidden-price"></span></div><span class="product-grid-cell_size select-text" role="link" data-block-spinner="true" data-product-id="224553">12 oz bag</span><span data-block-spinner="true" data-product-id="224553"><span class="product-grid-cell_unit select-text"> | $0.17 / oz</span></span><div class="buy-more-save-more_cta-grid-container"></div><div class="add-to-cart"><div class="add-to-cart_button"><button class="button button--add-to-cart" data-product-id="224553" data-price="1.99" data-cart-log-location="BROWSE_AISLES" data-persisted-quantity="0" data-other-information="{&quot;catPath&quot;:&quot;1,2098,2275&quot;,&quot;sale&quot;:false,&quot;newArrival&quot;:false,&quot;sponsored&quot;:false,&quot;includeContentTrackingInfo&quot;:true}">Add to Cart</button></div><span class="element-invisible" aria-live="assertive"></span></div></div><div class="spyglass-container"></div></li><li role="region" tabindex="-1" aria-label="Nature&#39;s Promise Organic Spring Mix" class="product-cell product-grid-cell product-grid-cell--quad" data-id="37-&gt;212394" data-position="37"><div class="confirmation-wrapper confirmation-wrapper--hidden" id="confirmation-wrapper--212394"><div class="confirmation-whitewash"><div class="confirmation-dialog"><div class="confirmation-dialog_messages" tabindex="0"><h4 class="confirmation-dialog_message-headline">Remove This Item From Your Cart?</h4></div><div class="confirmation-dialog_action-container"><div class="confirmation-dialog_confirmation-button"><button class="button button--fourth" tabindex="0" data-product-id="212394" data-cart-log-location="BROWSE_AISLES" data-persisted-quantity="undefined" data-price="3.49">OK</button></div><div class="confirmation-dialog_cancel-button"><button class="button button--fourth" tabindex="0" data-product-id="212394">Cancel</button></div></div></div></div></div><div class="confirmation-wrapper" style="display: none;"><div class="confirmation-whitewash"></div></div><img src="./Produce_Packaged_Produce_Salads_files/3NOGC.jpg" alt="Nature&#39;s Promise Organic Spring Mix" class="product-grid-cell_main-image" data-block-spinner="true" data-product-id="212394"><div class="product-grid-cell_price-tag"><div class="product-grid-cell_name" role="link" tabindex="0" data-block-spinner="true" data-product-id="212394"><h3 class="product-grid-cell_name-text select-text"><span class="vector-icon_inline-text--left"><div class="vector-icon_outer-wrapper"><div class="vector-icon_container vector-icon-size--xsmall"><svg version="1.1" x="0px" y="0px" focusable="false" viewBox="0 0 945 1024" class="" role="presentation" aria-hidden="true"><title>Ahold Wedge Icon</title><desc>Ahold Icon</desc><path d="M1.893 730.617c-1.289-2.094-2.052-4.631-2.052-7.346 0-0.747 0.058-1.481 0.169-2.197 0.158-12.396 10.227-22.466 22.687-22.634l895.306-0c12.476 0.168 22.545 10.237 22.713 22.698-0.521 3.721-1.182 6.924-2.024 10.053l0.131-0.574c-86.363 175.072-263.598 293.385-468.466 293.385s-382.103-118.313-467.105-290.339l-1.361-3.046z" class="path1" fill="rgb(247, 168, 0)"></path><path d="M107.889 132.495c1.893-1.893 1.893-3.786 3.786-5.678 2.98-3.491 7.385-5.69 12.303-5.69s9.323 2.199 12.284 5.668l0.019 0.022 476.983 476.983c3.491 2.98 5.69 7.385 5.69 12.303s-2.199 9.323-5.668 12.284c-1.399 1.869-3.361 3.216-5.631 3.789l-0.069 0.015c-38.446 13.732-82.796 21.669-129.001 21.669-108.416 0-206.626-43.699-277.977-114.443-70.367-71.826-113.809-170.317-113.809-278.955 0-45.803 7.722-89.803 21.936-130.767l-0.845 2.8z" class="path2" fill="rgb(226, 35, 26)"></path><path d="M600.015 1.893c1.247-1.204 2.948-1.946 4.822-1.946 0.302 0 0.6 0.019 0.891 0.057 0.057-0.006 0.164-0.007 0.272-0.007 7.15 0 12.947 5.796 12.947 12.947 0 0.108-0.001 0.215-0.004 0.322l0-0.016v503.482c0.002 0.091 0.004 0.199 0.004 0.306 0 7.15-5.796 12.947-12.947 12.947-0.108 0-0.215-0.001-0.322-0.004-0.241 0.034-0.539 0.053-0.841 0.053-1.874 0-3.574-0.742-4.824-1.948l0.002 0.002c-98.273-48.542-164.673-148.065-164.673-263.098s66.401-214.556 162.964-262.333l1.709-0.765z" class="path3" fill="rgb(113, 33, 119)"></path><path d="M938.824 283.919c1.893 0 1.893 1.893 3.786 1.893 1.765 2.012 2.841 4.666 2.841 7.571s-1.077 5.559-2.853 7.584l0.011-0.013-268.776 266.884c-2.012 1.765-4.666 2.841-7.571 2.841s-5.559-1.077-7.584-2.853c-1.144-0.651-1.911-1.879-1.911-3.285 0-0.172 0.012-0.342 0.034-0.508l-0.002 0.019c-7.681-21.529-12.12-46.363-12.12-72.235 0-61.263 24.891-116.712 65.111-156.786 39.326-39.792 93.895-64.431 154.219-64.431 26.857 0 52.573 4.884 76.309 13.812l-1.494-0.493z" class="path4" fill="rgb(130, 188, 0)"></path></svg></div></div></span>Nature's Promise Organic Spring Mix</h3></div><div class="product-grid-cell_price-container" role="link" data-block-spinner="true" data-product-id="212394"><div class="product-grid-cell_regular-price-container"><span class="product-grid-cell_was" aria-hidden="true"></span><span class="product-grid-cell_regular-price"></span></div><span class="product-grid-cell_main-price select-text">$3.49</span><span class="product-grid-cell_hidden-price"></span></div><span class="product-grid-cell_size select-text" role="link" data-block-spinner="true" data-product-id="212394">5 oz pkg</span><span data-block-spinner="true" data-product-id="212394"><span class="product-grid-cell_unit select-text"> | $0.70 / oz</span></span><div class="buy-more-save-more_cta-grid-container"></div><div class="add-to-cart"><div class="add-to-cart_button"><button class="button button--add-to-cart" data-product-id="212394" data-price="3.49" data-cart-log-location="BROWSE_AISLES" data-persisted-quantity="0" data-other-information="{&quot;catPath&quot;:&quot;1,2098,2275&quot;,&quot;sale&quot;:false,&quot;newArrival&quot;:false,&quot;sponsored&quot;:false,&quot;includeContentTrackingInfo&quot;:true}">Add to Cart</button></div><span class="element-invisible" aria-live="assertive"></span></div></div><div class="spyglass-container"></div></li><li role="region" tabindex="-1" aria-label="Stop &amp; Shop Apple Red Slices - 6 pk" class="product-cell product-grid-cell product-grid-cell--quad" data-id="38-&gt;215955" data-position="38"><div class="confirmation-wrapper confirmation-wrapper--hidden" id="confirmation-wrapper--215955"><div class="confirmation-whitewash"><div class="confirmation-dialog"><div class="confirmation-dialog_messages" tabindex="0"><h4 class="confirmation-dialog_message-headline">Remove This Item From Your Cart?</h4></div><div class="confirmation-dialog_action-container"><div class="confirmation-dialog_confirmation-button"><button class="button button--fourth" tabindex="0" data-product-id="215955" data-cart-log-location="BROWSE_AISLES" data-persisted-quantity="undefined" data-price="3.99">OK</button></div><div class="confirmation-dialog_cancel-button"><button class="button button--fourth" tabindex="0" data-product-id="215955">Cancel</button></div></div></div></div></div><div class="confirmation-wrapper" style="display: none;"><div class="confirmation-whitewash"></div></div><img src="./Produce_Packaged_Produce_Salads_files/K1J6B.jpg" alt="Stop &amp; Shop Apple Red Slices - 6 pk" class="product-grid-cell_main-image" data-block-spinner="true" data-product-id="215955"><div class="product-grid-cell_price-tag"><div class="product-grid-cell_name" role="link" tabindex="0" data-block-spinner="true" data-product-id="215955"><h3 class="product-grid-cell_name-text select-text"><span class="vector-icon_inline-text--left"><div class="vector-icon_outer-wrapper"><div class="vector-icon_container vector-icon-size--xsmall"><svg version="1.1" x="0px" y="0px" focusable="false" viewBox="0 0 945 1024" class="" role="presentation" aria-hidden="true"><title>Ahold Wedge Icon</title><desc>Ahold Icon</desc><path d="M1.893 730.617c-1.289-2.094-2.052-4.631-2.052-7.346 0-0.747 0.058-1.481 0.169-2.197 0.158-12.396 10.227-22.466 22.687-22.634l895.306-0c12.476 0.168 22.545 10.237 22.713 22.698-0.521 3.721-1.182 6.924-2.024 10.053l0.131-0.574c-86.363 175.072-263.598 293.385-468.466 293.385s-382.103-118.313-467.105-290.339l-1.361-3.046z" class="path1" fill="rgb(247, 168, 0)"></path><path d="M107.889 132.495c1.893-1.893 1.893-3.786 3.786-5.678 2.98-3.491 7.385-5.69 12.303-5.69s9.323 2.199 12.284 5.668l0.019 0.022 476.983 476.983c3.491 2.98 5.69 7.385 5.69 12.303s-2.199 9.323-5.668 12.284c-1.399 1.869-3.361 3.216-5.631 3.789l-0.069 0.015c-38.446 13.732-82.796 21.669-129.001 21.669-108.416 0-206.626-43.699-277.977-114.443-70.367-71.826-113.809-170.317-113.809-278.955 0-45.803 7.722-89.803 21.936-130.767l-0.845 2.8z" class="path2" fill="rgb(226, 35, 26)"></path><path d="M600.015 1.893c1.247-1.204 2.948-1.946 4.822-1.946 0.302 0 0.6 0.019 0.891 0.057 0.057-0.006 0.164-0.007 0.272-0.007 7.15 0 12.947 5.796 12.947 12.947 0 0.108-0.001 0.215-0.004 0.322l0-0.016v503.482c0.002 0.091 0.004 0.199 0.004 0.306 0 7.15-5.796 12.947-12.947 12.947-0.108 0-0.215-0.001-0.322-0.004-0.241 0.034-0.539 0.053-0.841 0.053-1.874 0-3.574-0.742-4.824-1.948l0.002 0.002c-98.273-48.542-164.673-148.065-164.673-263.098s66.401-214.556 162.964-262.333l1.709-0.765z" class="path3" fill="rgb(113, 33, 119)"></path><path d="M938.824 283.919c1.893 0 1.893 1.893 3.786 1.893 1.765 2.012 2.841 4.666 2.841 7.571s-1.077 5.559-2.853 7.584l0.011-0.013-268.776 266.884c-2.012 1.765-4.666 2.841-7.571 2.841s-5.559-1.077-7.584-2.853c-1.144-0.651-1.911-1.879-1.911-3.285 0-0.172 0.012-0.342 0.034-0.508l-0.002 0.019c-7.681-21.529-12.12-46.363-12.12-72.235 0-61.263 24.891-116.712 65.111-156.786 39.326-39.792 93.895-64.431 154.219-64.431 26.857 0 52.573 4.884 76.309 13.812l-1.494-0.493z" class="path4" fill="rgb(130, 188, 0)"></path></svg></div></div></span>Stop &amp; Shop Apple Red Slices - 6 pk</h3></div><div class="product-grid-cell_price-container" role="link" data-block-spinner="true" data-product-id="215955"><div class="product-grid-cell_regular-price-container"><span class="product-grid-cell_was" aria-hidden="true"></span><span class="product-grid-cell_regular-price"></span></div><span class="product-grid-cell_main-price select-text">$3.99</span><span class="product-grid-cell_hidden-price"></span></div><span class="product-grid-cell_size select-text" role="link" data-block-spinner="true" data-product-id="215955">12 oz pkg</span><span data-block-spinner="true" data-product-id="215955"><span class="product-grid-cell_unit select-text"> | $0.33 / oz</span></span><div class="buy-more-save-more_cta-grid-container"></div><div class="add-to-cart"><div class="add-to-cart_button"><button class="button button--add-to-cart" data-product-id="215955" data-price="3.99" data-cart-log-location="BROWSE_AISLES" data-persisted-quantity="0" data-other-information="{&quot;catPath&quot;:&quot;1,2098,2275&quot;,&quot;sale&quot;:false,&quot;newArrival&quot;:false,&quot;sponsored&quot;:false,&quot;includeContentTrackingInfo&quot;:true}">Add to Cart</button></div><span class="element-invisible" aria-live="assertive"></span></div></div><div class="spyglass-container"></div></li><li role="region" tabindex="-1" aria-label="Stop &amp; Shop Premium Salad Chopped Romaine" class="product-cell product-grid-cell product-grid-cell--quad" data-id="39-&gt;118791" data-position="39"><div class="confirmation-wrapper confirmation-wrapper--hidden" id="confirmation-wrapper--118791"><div class="confirmation-whitewash"><div class="confirmation-dialog"><div class="confirmation-dialog_messages" tabindex="0"><h4 class="confirmation-dialog_message-headline">Remove This Item From Your Cart?</h4></div><div class="confirmation-dialog_action-container"><div class="confirmation-dialog_confirmation-button"><button class="button button--fourth" tabindex="0" data-product-id="118791" data-cart-log-location="BROWSE_AISLES" data-persisted-quantity="undefined" data-price="2.5">OK</button></div><div class="confirmation-dialog_cancel-button"><button class="button button--fourth" tabindex="0" data-product-id="118791">Cancel</button></div></div></div></div></div><div class="confirmation-wrapper" style="display: none;"><div class="confirmation-whitewash"></div></div><div class="item-detail_flag--outer-container"><div class="item-detail_flag--container"><div class="item-detail_flag--flag sale">Sale</div></div></div><img src="./Produce_Packaged_Produce_Salads_files/DJWCM.jpg" alt="Stop &amp; Shop Premium Salad Chopped Romaine" class="product-grid-cell_main-image" data-block-spinner="true" data-product-id="118791"><div class="product-grid-cell_price-tag"><div class="product-grid-cell_name" role="link" tabindex="0" data-block-spinner="true" data-product-id="118791"><h3 class="product-grid-cell_name-text select-text"><span class="vector-icon_inline-text--left"><div class="vector-icon_outer-wrapper"><div class="vector-icon_container vector-icon-size--xsmall"><svg version="1.1" x="0px" y="0px" focusable="false" viewBox="0 0 945 1024" class="" role="presentation" aria-hidden="true"><title>Ahold Wedge Icon</title><desc>Ahold Icon</desc><path d="M1.893 730.617c-1.289-2.094-2.052-4.631-2.052-7.346 0-0.747 0.058-1.481 0.169-2.197 0.158-12.396 10.227-22.466 22.687-22.634l895.306-0c12.476 0.168 22.545 10.237 22.713 22.698-0.521 3.721-1.182 6.924-2.024 10.053l0.131-0.574c-86.363 175.072-263.598 293.385-468.466 293.385s-382.103-118.313-467.105-290.339l-1.361-3.046z" class="path1" fill="rgb(247, 168, 0)"></path><path d="M107.889 132.495c1.893-1.893 1.893-3.786 3.786-5.678 2.98-3.491 7.385-5.69 12.303-5.69s9.323 2.199 12.284 5.668l0.019 0.022 476.983 476.983c3.491 2.98 5.69 7.385 5.69 12.303s-2.199 9.323-5.668 12.284c-1.399 1.869-3.361 3.216-5.631 3.789l-0.069 0.015c-38.446 13.732-82.796 21.669-129.001 21.669-108.416 0-206.626-43.699-277.977-114.443-70.367-71.826-113.809-170.317-113.809-278.955 0-45.803 7.722-89.803 21.936-130.767l-0.845 2.8z" class="path2" fill="rgb(226, 35, 26)"></path><path d="M600.015 1.893c1.247-1.204 2.948-1.946 4.822-1.946 0.302 0 0.6 0.019 0.891 0.057 0.057-0.006 0.164-0.007 0.272-0.007 7.15 0 12.947 5.796 12.947 12.947 0 0.108-0.001 0.215-0.004 0.322l0-0.016v503.482c0.002 0.091 0.004 0.199 0.004 0.306 0 7.15-5.796 12.947-12.947 12.947-0.108 0-0.215-0.001-0.322-0.004-0.241 0.034-0.539 0.053-0.841 0.053-1.874 0-3.574-0.742-4.824-1.948l0.002 0.002c-98.273-48.542-164.673-148.065-164.673-263.098s66.401-214.556 162.964-262.333l1.709-0.765z" class="path3" fill="rgb(113, 33, 119)"></path><path d="M938.824 283.919c1.893 0 1.893 1.893 3.786 1.893 1.765 2.012 2.841 4.666 2.841 7.571s-1.077 5.559-2.853 7.584l0.011-0.013-268.776 266.884c-2.012 1.765-4.666 2.841-7.571 2.841s-5.559-1.077-7.584-2.853c-1.144-0.651-1.911-1.879-1.911-3.285 0-0.172 0.012-0.342 0.034-0.508l-0.002 0.019c-7.681-21.529-12.12-46.363-12.12-72.235 0-61.263 24.891-116.712 65.111-156.786 39.326-39.792 93.895-64.431 154.219-64.431 26.857 0 52.573 4.884 76.309 13.812l-1.494-0.493z" class="path4" fill="rgb(130, 188, 0)"></path></svg></div></div></span>Stop &amp; Shop Premium Salad Chopped Romaine</h3></div><div class="product-grid-cell_price-container" role="link" data-block-spinner="true" data-product-id="118791"><div class="product-grid-cell_regular-price-container"><span class="product-grid-cell_was" aria-hidden="true"></span><span class="product-grid-cell_regular-price"></span></div><span class="product-grid-cell_main-price select-text product-grid-cell_main-price--on-sale">$2.50</span><span class="product-grid-cell_hidden-price"></span></div><span class="product-grid-cell_size select-text" role="link" data-block-spinner="true" data-product-id="118791">10 oz bag</span><span data-block-spinner="true" data-product-id="118791"><span class="product-grid-cell_unit select-text"> | $0.25 / oz</span></span><div class="buy-more-save-more_cta-grid-container"></div><div class="add-to-cart"><div class="add-to-cart_button"><button class="button button--add-to-cart" data-product-id="118791" data-price="2.5" data-cart-log-location="BROWSE_AISLES" data-persisted-quantity="0" data-other-information="{&quot;catPath&quot;:&quot;1,2098,2275&quot;,&quot;sale&quot;:true,&quot;newArrival&quot;:false,&quot;sponsored&quot;:false,&quot;includeContentTrackingInfo&quot;:true}">Add to Cart</button></div><span class="element-invisible" aria-live="assertive"></span></div></div><div class="spyglass-container"></div></li><li role="region" tabindex="-1" aria-label="Stop &amp; Shop Garlic Minced in Water" class="product-cell product-grid-cell product-grid-cell--quad" data-id="40-&gt;195371" data-position="40"><div class="confirmation-wrapper confirmation-wrapper--hidden" id="confirmation-wrapper--195371"><div class="confirmation-whitewash"><div class="confirmation-dialog"><div class="confirmation-dialog_messages" tabindex="0"><h4 class="confirmation-dialog_message-headline">Remove This Item From Your Cart?</h4></div><div class="confirmation-dialog_action-container"><div class="confirmation-dialog_confirmation-button"><button class="button button--fourth" tabindex="0" data-product-id="195371" data-cart-log-location="BROWSE_AISLES" data-persisted-quantity="undefined" data-price="2.09">OK</button></div><div class="confirmation-dialog_cancel-button"><button class="button button--fourth" tabindex="0" data-product-id="195371">Cancel</button></div></div></div></div></div><div class="confirmation-wrapper" style="display: none;"><div class="confirmation-whitewash"></div></div><img src="./Produce_Packaged_Produce_Salads_files/5VLEN.jpg" alt="Stop &amp; Shop Garlic Minced in Water" class="product-grid-cell_main-image" data-block-spinner="true" data-product-id="195371"><div class="product-grid-cell_price-tag"><div class="product-grid-cell_name" role="link" tabindex="0" data-block-spinner="true" data-product-id="195371"><h3 class="product-grid-cell_name-text select-text"><span class="vector-icon_inline-text--left"><div class="vector-icon_outer-wrapper"><div class="vector-icon_container vector-icon-size--xsmall"><svg version="1.1" x="0px" y="0px" focusable="false" viewBox="0 0 945 1024" class="" role="presentation" aria-hidden="true"><title>Ahold Wedge Icon</title><desc>Ahold Icon</desc><path d="M1.893 730.617c-1.289-2.094-2.052-4.631-2.052-7.346 0-0.747 0.058-1.481 0.169-2.197 0.158-12.396 10.227-22.466 22.687-22.634l895.306-0c12.476 0.168 22.545 10.237 22.713 22.698-0.521 3.721-1.182 6.924-2.024 10.053l0.131-0.574c-86.363 175.072-263.598 293.385-468.466 293.385s-382.103-118.313-467.105-290.339l-1.361-3.046z" class="path1" fill="rgb(247, 168, 0)"></path><path d="M107.889 132.495c1.893-1.893 1.893-3.786 3.786-5.678 2.98-3.491 7.385-5.69 12.303-5.69s9.323 2.199 12.284 5.668l0.019 0.022 476.983 476.983c3.491 2.98 5.69 7.385 5.69 12.303s-2.199 9.323-5.668 12.284c-1.399 1.869-3.361 3.216-5.631 3.789l-0.069 0.015c-38.446 13.732-82.796 21.669-129.001 21.669-108.416 0-206.626-43.699-277.977-114.443-70.367-71.826-113.809-170.317-113.809-278.955 0-45.803 7.722-89.803 21.936-130.767l-0.845 2.8z" class="path2" fill="rgb(226, 35, 26)"></path><path d="M600.015 1.893c1.247-1.204 2.948-1.946 4.822-1.946 0.302 0 0.6 0.019 0.891 0.057 0.057-0.006 0.164-0.007 0.272-0.007 7.15 0 12.947 5.796 12.947 12.947 0 0.108-0.001 0.215-0.004 0.322l0-0.016v503.482c0.002 0.091 0.004 0.199 0.004 0.306 0 7.15-5.796 12.947-12.947 12.947-0.108 0-0.215-0.001-0.322-0.004-0.241 0.034-0.539 0.053-0.841 0.053-1.874 0-3.574-0.742-4.824-1.948l0.002 0.002c-98.273-48.542-164.673-148.065-164.673-263.098s66.401-214.556 162.964-262.333l1.709-0.765z" class="path3" fill="rgb(113, 33, 119)"></path><path d="M938.824 283.919c1.893 0 1.893 1.893 3.786 1.893 1.765 2.012 2.841 4.666 2.841 7.571s-1.077 5.559-2.853 7.584l0.011-0.013-268.776 266.884c-2.012 1.765-4.666 2.841-7.571 2.841s-5.559-1.077-7.584-2.853c-1.144-0.651-1.911-1.879-1.911-3.285 0-0.172 0.012-0.342 0.034-0.508l-0.002 0.019c-7.681-21.529-12.12-46.363-12.12-72.235 0-61.263 24.891-116.712 65.111-156.786 39.326-39.792 93.895-64.431 154.219-64.431 26.857 0 52.573 4.884 76.309 13.812l-1.494-0.493z" class="path4" fill="rgb(130, 188, 0)"></path></svg></div></div></span>Stop &amp; Shop Garlic Minced in Water</h3></div><div class="product-grid-cell_price-container" role="link" data-block-spinner="true" data-product-id="195371"><div class="product-grid-cell_regular-price-container"><span class="product-grid-cell_was" aria-hidden="true"></span><span class="product-grid-cell_regular-price"></span></div><span class="product-grid-cell_main-price select-text">$2.09</span><span class="product-grid-cell_hidden-price"></span></div><span class="product-grid-cell_size select-text" role="link" data-block-spinner="true" data-product-id="195371">4.5 oz jar</span><span data-block-spinner="true" data-product-id="195371"><span class="product-grid-cell_unit select-text"> | $0.46 / oz</span></span><div class="buy-more-save-more_cta-grid-container"></div><div class="add-to-cart"><div class="add-to-cart_button"><button class="button button--add-to-cart" data-product-id="195371" data-price="2.09" data-cart-log-location="BROWSE_AISLES" data-persisted-quantity="0" data-other-information="{&quot;catPath&quot;:&quot;1,2098,2275&quot;,&quot;sale&quot;:false,&quot;newArrival&quot;:false,&quot;sponsored&quot;:false,&quot;includeContentTrackingInfo&quot;:true}">Add to Cart</button></div><span class="element-invisible" aria-live="assertive"></span></div></div><div class="spyglass-container"></div></li><li><div collection-interweave-item="interwovenContent"><div generic-content-interweave-datasource="" data="interwovenContent.content.content" region="browse_aisles_shelf_content" class=""><div generic-content-region="" region="browse_aisles_shelf_content" interwoven="true"><div><div ng-class="methods.classForRegionSize(regionSize, ! content.model.contentData[ interwovenContent.content.region ], methods.contentLayouts(content.model.contentData[ interwovenContent.content.region ], regionSize).layout.length )" width-variable="regionSize" width-values="widthBreakpoints.defaultBreakpoints" class="generic-content_region-contents--medium"><!----><div ng-class="methods.classForContentItem(contentItem, $last, $first)" ng-repeat="contentItem in methods.contentLayouts(content.model.contentData[ interwovenContent.content.region ], regionSize).layout" class="generic-content_content-item--half-width generic-content_content-item--alpha"><div class="generic-content_renderer" generic-content-renderer="contentItem"><div class="generic-content_renderer-contents" ng-class="{&#39;generic-content_renderer-contents--loading&#39; : state.preloading}" style=""><div ng-switch="" on="contentItem.model[contentItem.renderSize].button.type" ng-class="{ &#39;interweaved-content_trailer interweaved-content_leader&#39;: interwoven }" content-interaction-tracker="" content-module-id="contentItem.data.key" class="interweaved-content_trailer interweaved-content_leader"><!----><a class="content-tile_container" content-compile="" ng-switch-when="internal" ng-click="go(compileVars(contentItem.model[contentItem.renderSize].button.link), contentItem.data.key)" is-route-change="true" href="https://www.peapod.com/" loading="true" block="true" tabindex="0"><div class="content-tile_image-container"><img class="content-tile_image" generic-content-image-preload="" img-id="2581086:P7SWM.jpg" alt="Image of picnic by the beach" src="./Produce_Packaged_Produce_Salads_files/P7SWM.jpg"></div><div class="content-tile_copy-container select-text"><div class="content-tile_button"><span class="content-tile_headline" content-compile="contentItem.model[contentItem.renderSize].headline" compile-vars=""><span>Take Peapod on vacation</span></span> <span class="content-tile_body" content-compile="contentItem.model[contentItem.renderSize].body" compile-vars=""><span>convenient delivery &amp; pick-up options</span></span> <span class="vector-icon_list-arrow-wrapper"><div class="vector-icon_outer-wrapper" svg-id="arrow_carrot-right" svg-class="vector-icon-color--dark-grey" container-class="vector-icon-size--arrow" svg-title="Arrow Icon" svg-description="Icon of arrow" svg-role="presentation" svg-aria-hidden="true"><div class="vector-icon_container vector-icon-size--arrow"><svg version="1.1" x="0px" y="0px" focusable="false" viewBox="0 0 580 1024" class="vector-icon-color--dark-grey" role="presentation" aria-hidden="true"><title>Arrow Icon</title><desc>Icon of arrow</desc><path d="M20.033 1003.967c26.665 26.665 70.012 26.665 96.677 0l443.458-443.458c13.401-13.401 20.101-31.041 19.964-48.544 0-17.64-6.564-35.143-19.964-48.544l-443.458-443.389c-26.665-26.665-70.012-26.665-96.677 0s-26.665 70.012 0 96.677l395.324 395.324-395.324 395.324c-26.665 26.665-26.665 70.012-0 96.609z" class="path1"></path></svg></div></div></span></div></div></a><!----> <!----> <!----> <!----><!----></div></div><div class="generic-content_renderer-animation-container animation-fade ng-hide" ng-hide="!state.preloading" style=""><div width-variable="contentSize" width-observer="contentMethods.contentWidthObserver" width-values="widthBreakpoints.defaultBreakpoints" class="generic-content_renderer-animation generic-content_placeholder--light-grey generic-content_placeholder content-tile_placeholder generic-content_placeholder--light-grey--xsmall generic-content_placeholder--xsmall content-tile_placeholder--xsmall"></div></div></div></div><!----><div ng-class="methods.classForContentItem(contentItem, $last, $first)" ng-repeat="contentItem in methods.contentLayouts(content.model.contentData[ interwovenContent.content.region ], regionSize).layout" class="generic-content_content-item--half-width generic-content_content-item--omega"><div class="generic-content_renderer" generic-content-renderer="contentItem"><div class="generic-content_renderer-contents" ng-class="{&#39;generic-content_renderer-contents--loading&#39; : state.preloading}" style=""><div ng-switch="" on="contentItem.model[contentItem.renderSize].type" content-interaction-tracker="" content-module-id="contentItem.data.key"><!----> <!----> <!----> <!----> <!----><a href="https://www.peapod.com/" content-compile="" ng-click="go(compileVars(contentItem.model[contentItem.renderSize].link), contentItem.data.key)" loading="true" is-route-change="true" block="true" class="new-arrivals-tile_wrapper" ng-switch-when="newArrivals" aria-label="New Arrivals" tabindex="0"><div class="new-arrivals-tile_container new-arrivals-tile_container--blueberry" ng-class="&#39;new-arrivals-tile_container--&#39; + contentItem.config.classSuffixForColorScheme(contentItem.model[contentItem.renderSize].colorScheme)"><div class="new-arrivals-tile_text-container select-text"><div class="new-arrivals-tile_text" aria-hidden="true">New Arrivals</div></div></div></a><!----> <!----> <!----> <!----> <!----> <!----> <!----> <!----> <!----> <!----> <!----> <!----> <!----> <!----> <!----><!----></div></div><div class="generic-content_renderer-animation-container animation-fade ng-hide" ng-hide="!state.preloading" style=""><div width-variable="contentSize" width-observer="contentMethods.contentWidthObserver" width-values="widthBreakpoints.defaultBreakpoints" class="generic-content_renderer-animation generic-content_placeholder generic-content_placeholder--blueberry content-tile_placeholder generic-content_placeholder--xsmall generic-content_placeholder--blueberry--xsmall content-tile_placeholder--xsmall"></div></div></div></div><!----></div></div></div></div></div></li><li role="region" tabindex="-1" aria-label="Nature&#39;s Promise Organic Baby Spinach &amp; Spring Mix" class="product-cell product-grid-cell product-grid-cell--quad" data-id="42-&gt;210920" data-position="41"><div class="confirmation-wrapper confirmation-wrapper--hidden" id="confirmation-wrapper--210920"><div class="confirmation-whitewash"><div class="confirmation-dialog"><div class="confirmation-dialog_messages" tabindex="0"><h4 class="confirmation-dialog_message-headline">Remove This Item From Your Cart?</h4></div><div class="confirmation-dialog_action-container"><div class="confirmation-dialog_confirmation-button"><button class="button button--fourth" tabindex="0" data-product-id="210920" data-cart-log-location="BROWSE_AISLES" data-persisted-quantity="undefined" data-price="5">OK</button></div><div class="confirmation-dialog_cancel-button"><button class="button button--fourth" tabindex="0" data-product-id="210920">Cancel</button></div></div></div></div></div><div class="confirmation-wrapper" style="display: none;"><div class="confirmation-whitewash"></div></div><img src="./Produce_Packaged_Produce_Salads_files/1CTBJ.jpg" alt="Nature&#39;s Promise Organic Baby Spinach &amp; Spring Mix" class="product-grid-cell_main-image" data-block-spinner="true" data-product-id="210920"><div class="product-grid-cell_price-tag"><div class="product-grid-cell_name" role="link" tabindex="0" data-block-spinner="true" data-product-id="210920"><h3 class="product-grid-cell_name-text select-text"><span class="vector-icon_inline-text--left"><div class="vector-icon_outer-wrapper"><div class="vector-icon_container vector-icon-size--xsmall"><svg version="1.1" x="0px" y="0px" focusable="false" viewBox="0 0 945 1024" class="" role="presentation" aria-hidden="true"><title>Ahold Wedge Icon</title><desc>Ahold Icon</desc><path d="M1.893 730.617c-1.289-2.094-2.052-4.631-2.052-7.346 0-0.747 0.058-1.481 0.169-2.197 0.158-12.396 10.227-22.466 22.687-22.634l895.306-0c12.476 0.168 22.545 10.237 22.713 22.698-0.521 3.721-1.182 6.924-2.024 10.053l0.131-0.574c-86.363 175.072-263.598 293.385-468.466 293.385s-382.103-118.313-467.105-290.339l-1.361-3.046z" class="path1" fill="rgb(247, 168, 0)"></path><path d="M107.889 132.495c1.893-1.893 1.893-3.786 3.786-5.678 2.98-3.491 7.385-5.69 12.303-5.69s9.323 2.199 12.284 5.668l0.019 0.022 476.983 476.983c3.491 2.98 5.69 7.385 5.69 12.303s-2.199 9.323-5.668 12.284c-1.399 1.869-3.361 3.216-5.631 3.789l-0.069 0.015c-38.446 13.732-82.796 21.669-129.001 21.669-108.416 0-206.626-43.699-277.977-114.443-70.367-71.826-113.809-170.317-113.809-278.955 0-45.803 7.722-89.803 21.936-130.767l-0.845 2.8z" class="path2" fill="rgb(226, 35, 26)"></path><path d="M600.015 1.893c1.247-1.204 2.948-1.946 4.822-1.946 0.302 0 0.6 0.019 0.891 0.057 0.057-0.006 0.164-0.007 0.272-0.007 7.15 0 12.947 5.796 12.947 12.947 0 0.108-0.001 0.215-0.004 0.322l0-0.016v503.482c0.002 0.091 0.004 0.199 0.004 0.306 0 7.15-5.796 12.947-12.947 12.947-0.108 0-0.215-0.001-0.322-0.004-0.241 0.034-0.539 0.053-0.841 0.053-1.874 0-3.574-0.742-4.824-1.948l0.002 0.002c-98.273-48.542-164.673-148.065-164.673-263.098s66.401-214.556 162.964-262.333l1.709-0.765z" class="path3" fill="rgb(113, 33, 119)"></path><path d="M938.824 283.919c1.893 0 1.893 1.893 3.786 1.893 1.765 2.012 2.841 4.666 2.841 7.571s-1.077 5.559-2.853 7.584l0.011-0.013-268.776 266.884c-2.012 1.765-4.666 2.841-7.571 2.841s-5.559-1.077-7.584-2.853c-1.144-0.651-1.911-1.879-1.911-3.285 0-0.172 0.012-0.342 0.034-0.508l-0.002 0.019c-7.681-21.529-12.12-46.363-12.12-72.235 0-61.263 24.891-116.712 65.111-156.786 39.326-39.792 93.895-64.431 154.219-64.431 26.857 0 52.573 4.884 76.309 13.812l-1.494-0.493z" class="path4" fill="rgb(130, 188, 0)"></path></svg></div></div></span>Nature's Promise Organic Baby Spinach &amp; Spring Mix</h3></div><div class="product-grid-cell_price-container" role="link" data-block-spinner="true" data-product-id="210920"><div class="product-grid-cell_regular-price-container"><span class="product-grid-cell_was" aria-hidden="true"></span><span class="product-grid-cell_regular-price"></span></div><span class="product-grid-cell_main-price select-text">$5.00</span><span class="product-grid-cell_hidden-price"></span></div><span class="product-grid-cell_size select-text" role="link" data-block-spinner="true" data-product-id="210920">11 oz pkg</span><span data-block-spinner="true" data-product-id="210920"><span class="product-grid-cell_unit select-text"> | $0.45 / oz</span></span><div class="buy-more-save-more_cta-grid-container"></div><div class="add-to-cart"><div class="add-to-cart_button"><button class="button button--add-to-cart" data-product-id="210920" data-price="5" data-cart-log-location="BROWSE_AISLES" data-persisted-quantity="0" data-other-information="{&quot;catPath&quot;:&quot;1,2098,2275&quot;,&quot;sale&quot;:false,&quot;newArrival&quot;:false,&quot;sponsored&quot;:false,&quot;includeContentTrackingInfo&quot;:true}">Add to Cart</button></div><span class="element-invisible" aria-live="assertive"></span></div></div><div class="spyglass-container"></div></li><li role="region" tabindex="-1" aria-label="Del Monte Fruit Naturals Grapefruit Red No Sugar Added" class="product-cell product-grid-cell product-grid-cell--quad" data-id="43-&gt;158949" data-position="42"><div class="confirmation-wrapper confirmation-wrapper--hidden" id="confirmation-wrapper--158949"><div class="confirmation-whitewash"><div class="confirmation-dialog"><div class="confirmation-dialog_messages" tabindex="0"><h4 class="confirmation-dialog_message-headline">Remove This Item From Your Cart?</h4></div><div class="confirmation-dialog_action-container"><div class="confirmation-dialog_confirmation-button"><button class="button button--fourth" tabindex="0" data-product-id="158949" data-cart-log-location="BROWSE_AISLES" data-persisted-quantity="undefined" data-price="1.5">OK</button></div><div class="confirmation-dialog_cancel-button"><button class="button button--fourth" tabindex="0" data-product-id="158949">Cancel</button></div></div></div></div></div><div class="confirmation-wrapper" style="display: none;"><div class="confirmation-whitewash"></div></div><img src="./Produce_Packaged_Produce_Salads_files/14BNQ.jpg" alt="Del Monte Fruit Naturals Grapefruit Red No Sugar Added" class="product-grid-cell_main-image" data-block-spinner="true" data-product-id="158949"><div class="product-grid-cell_price-tag"><div class="product-grid-cell_name" role="link" tabindex="0" data-block-spinner="true" data-product-id="158949"><h3 class="product-grid-cell_name-text select-text">Del Monte Fruit Naturals Grapefruit Red No Sugar Added</h3></div><div class="product-grid-cell_price-container" role="link" data-block-spinner="true" data-product-id="158949"><div class="product-grid-cell_regular-price-container"><span class="product-grid-cell_was" aria-hidden="true"></span><span class="product-grid-cell_regular-price"></span></div><span class="product-grid-cell_main-price select-text">$1.50</span><span class="product-grid-cell_hidden-price"></span></div><span class="product-grid-cell_size select-text" role="link" data-block-spinner="true" data-product-id="158949">6.5 oz cup</span><span data-block-spinner="true" data-product-id="158949"><span class="product-grid-cell_unit select-text"> | $0.23 / oz</span></span><div class="buy-more-save-more_cta-grid-container"></div><div class="add-to-cart"><div class="add-to-cart_button"><button class="button button--add-to-cart" data-product-id="158949" data-price="1.5" data-cart-log-location="BROWSE_AISLES" data-persisted-quantity="0" data-other-information="{&quot;catPath&quot;:&quot;1,2098,2275&quot;,&quot;sale&quot;:false,&quot;newArrival&quot;:false,&quot;sponsored&quot;:false,&quot;includeContentTrackingInfo&quot;:true}">Add to Cart</button></div><span class="element-invisible" aria-live="assertive"></span></div></div><div class="spyglass-container"></div></li><li role="region" tabindex="-1" aria-label="Stop &amp; Shop Salad Bowl Chef" class="product-cell product-grid-cell product-grid-cell--quad" data-id="44-&gt;133889" data-position="43"><div class="confirmation-wrapper confirmation-wrapper--hidden" id="confirmation-wrapper--133889"><div class="confirmation-whitewash"><div class="confirmation-dialog"><div class="confirmation-dialog_messages" tabindex="0"><h4 class="confirmation-dialog_message-headline">Remove This Item From Your Cart?</h4></div><div class="confirmation-dialog_action-container"><div class="confirmation-dialog_confirmation-button"><button class="button button--fourth" tabindex="0" data-product-id="133889" data-cart-log-location="BROWSE_AISLES" data-persisted-quantity="undefined" data-price="3.5">OK</button></div><div class="confirmation-dialog_cancel-button"><button class="button button--fourth" tabindex="0" data-product-id="133889">Cancel</button></div></div></div></div></div><div class="confirmation-wrapper" style="display: none;"><div class="confirmation-whitewash"></div></div><img src="./Produce_Packaged_Produce_Salads_files/ONGSI.jpg" alt="Stop &amp; Shop Salad Bowl Chef" class="product-grid-cell_main-image" data-block-spinner="true" data-product-id="133889"><div class="product-grid-cell_price-tag"><div class="product-grid-cell_name" role="link" tabindex="0" data-block-spinner="true" data-product-id="133889"><h3 class="product-grid-cell_name-text select-text"><span class="vector-icon_inline-text--left"><div class="vector-icon_outer-wrapper"><div class="vector-icon_container vector-icon-size--xsmall"><svg version="1.1" x="0px" y="0px" focusable="false" viewBox="0 0 945 1024" class="" role="presentation" aria-hidden="true"><title>Ahold Wedge Icon</title><desc>Ahold Icon</desc><path d="M1.893 730.617c-1.289-2.094-2.052-4.631-2.052-7.346 0-0.747 0.058-1.481 0.169-2.197 0.158-12.396 10.227-22.466 22.687-22.634l895.306-0c12.476 0.168 22.545 10.237 22.713 22.698-0.521 3.721-1.182 6.924-2.024 10.053l0.131-0.574c-86.363 175.072-263.598 293.385-468.466 293.385s-382.103-118.313-467.105-290.339l-1.361-3.046z" class="path1" fill="rgb(247, 168, 0)"></path><path d="M107.889 132.495c1.893-1.893 1.893-3.786 3.786-5.678 2.98-3.491 7.385-5.69 12.303-5.69s9.323 2.199 12.284 5.668l0.019 0.022 476.983 476.983c3.491 2.98 5.69 7.385 5.69 12.303s-2.199 9.323-5.668 12.284c-1.399 1.869-3.361 3.216-5.631 3.789l-0.069 0.015c-38.446 13.732-82.796 21.669-129.001 21.669-108.416 0-206.626-43.699-277.977-114.443-70.367-71.826-113.809-170.317-113.809-278.955 0-45.803 7.722-89.803 21.936-130.767l-0.845 2.8z" class="path2" fill="rgb(226, 35, 26)"></path><path d="M600.015 1.893c1.247-1.204 2.948-1.946 4.822-1.946 0.302 0 0.6 0.019 0.891 0.057 0.057-0.006 0.164-0.007 0.272-0.007 7.15 0 12.947 5.796 12.947 12.947 0 0.108-0.001 0.215-0.004 0.322l0-0.016v503.482c0.002 0.091 0.004 0.199 0.004 0.306 0 7.15-5.796 12.947-12.947 12.947-0.108 0-0.215-0.001-0.322-0.004-0.241 0.034-0.539 0.053-0.841 0.053-1.874 0-3.574-0.742-4.824-1.948l0.002 0.002c-98.273-48.542-164.673-148.065-164.673-263.098s66.401-214.556 162.964-262.333l1.709-0.765z" class="path3" fill="rgb(113, 33, 119)"></path><path d="M938.824 283.919c1.893 0 1.893 1.893 3.786 1.893 1.765 2.012 2.841 4.666 2.841 7.571s-1.077 5.559-2.853 7.584l0.011-0.013-268.776 266.884c-2.012 1.765-4.666 2.841-7.571 2.841s-5.559-1.077-7.584-2.853c-1.144-0.651-1.911-1.879-1.911-3.285 0-0.172 0.012-0.342 0.034-0.508l-0.002 0.019c-7.681-21.529-12.12-46.363-12.12-72.235 0-61.263 24.891-116.712 65.111-156.786 39.326-39.792 93.895-64.431 154.219-64.431 26.857 0 52.573 4.884 76.309 13.812l-1.494-0.493z" class="path4" fill="rgb(130, 188, 0)"></path></svg></div></div></span>Stop &amp; Shop Salad Bowl Chef</h3></div><div class="product-grid-cell_price-container" role="link" data-block-spinner="true" data-product-id="133889"><div class="product-grid-cell_regular-price-container"><span class="product-grid-cell_was" aria-hidden="true"></span><span class="product-grid-cell_regular-price"></span></div><span class="product-grid-cell_main-price select-text">$3.50</span><span class="product-grid-cell_hidden-price"></span></div><span class="product-grid-cell_size select-text" role="link" data-block-spinner="true" data-product-id="133889">7.75 oz bwl</span><span data-block-spinner="true" data-product-id="133889"><span class="product-grid-cell_unit select-text"> | $0.45 / oz</span></span><div class="buy-more-save-more_cta-grid-container"></div><div class="add-to-cart"><div class="add-to-cart_button"><button class="button button--add-to-cart" data-product-id="133889" data-price="3.5" data-cart-log-location="BROWSE_AISLES" data-persisted-quantity="0" data-other-information="{&quot;catPath&quot;:&quot;1,2098,2275&quot;,&quot;sale&quot;:false,&quot;newArrival&quot;:false,&quot;sponsored&quot;:false,&quot;includeContentTrackingInfo&quot;:true}">Add to Cart</button></div><span class="element-invisible" aria-live="assertive"></span></div></div><div class="spyglass-container"></div></li><li role="region" tabindex="-1" aria-label="Dole Salad Blend Italian" class="product-cell product-grid-cell product-grid-cell--quad" data-id="45-&gt;118750" data-position="44"><div class="confirmation-wrapper confirmation-wrapper--hidden" id="confirmation-wrapper--118750"><div class="confirmation-whitewash"><div class="confirmation-dialog"><div class="confirmation-dialog_messages" tabindex="0"><h4 class="confirmation-dialog_message-headline">Remove This Item From Your Cart?</h4></div><div class="confirmation-dialog_action-container"><div class="confirmation-dialog_confirmation-button"><button class="button button--fourth" tabindex="0" data-product-id="118750" data-cart-log-location="BROWSE_AISLES" data-persisted-quantity="undefined" data-price="2.5">OK</button></div><div class="confirmation-dialog_cancel-button"><button class="button button--fourth" tabindex="0" data-product-id="118750">Cancel</button></div></div></div></div></div><div class="confirmation-wrapper" style="display: none;"><div class="confirmation-whitewash"></div></div><div class="item-detail_flag--outer-container"><div class="item-detail_flag--container"><div class="item-detail_flag--flag sale">Sale</div></div></div><img src="./Produce_Packaged_Produce_Salads_files/XWTIX.jpg" alt="Dole Salad Blend Italian" class="product-grid-cell_main-image" data-block-spinner="true" data-product-id="118750"><div class="product-grid-cell_price-tag"><div class="product-grid-cell_name" role="link" tabindex="0" data-block-spinner="true" data-product-id="118750"><h3 class="product-grid-cell_name-text select-text">Dole Salad Blend Italian</h3></div><div class="product-grid-cell_price-container" role="link" data-block-spinner="true" data-product-id="118750"><div class="product-grid-cell_regular-price-container"><span class="product-grid-cell_was" aria-hidden="true"></span><span class="product-grid-cell_regular-price"></span></div><span class="product-grid-cell_main-price select-text product-grid-cell_main-price--on-sale">$2.50</span><span class="product-grid-cell_hidden-price"></span></div><span class="product-grid-cell_size select-text" role="link" data-block-spinner="true" data-product-id="118750">9 oz bag</span><span data-block-spinner="true" data-product-id="118750"><span class="product-grid-cell_unit select-text"> | $0.28 / oz</span></span><div class="buy-more-save-more_cta-grid-container"></div><div class="add-to-cart"><div class="add-to-cart_button"><button class="button button--add-to-cart" data-product-id="118750" data-price="2.5" data-cart-log-location="BROWSE_AISLES" data-persisted-quantity="0" data-other-information="{&quot;catPath&quot;:&quot;1,2098,2275&quot;,&quot;sale&quot;:true,&quot;newArrival&quot;:false,&quot;sponsored&quot;:false,&quot;includeContentTrackingInfo&quot;:true}">Add to Cart</button></div><span class="element-invisible" aria-live="assertive"></span></div></div><div class="spyglass-container"></div></li><li role="region" tabindex="-1" aria-label="Dole Peaches Yellow Cling Sliced in 100% Fruit Juice" class="product-cell product-grid-cell product-grid-cell--quad" data-id="46-&gt;131310" data-position="45"><div class="confirmation-wrapper confirmation-wrapper--hidden" id="confirmation-wrapper--131310"><div class="confirmation-whitewash"><div class="confirmation-dialog"><div class="confirmation-dialog_messages" tabindex="0"><h4 class="confirmation-dialog_message-headline">Remove This Item From Your Cart?</h4></div><div class="confirmation-dialog_action-container"><div class="confirmation-dialog_confirmation-button"><button class="button button--fourth" tabindex="0" data-product-id="131310" data-cart-log-location="BROWSE_AISLES" data-persisted-quantity="undefined" data-price="3.59">OK</button></div><div class="confirmation-dialog_cancel-button"><button class="button button--fourth" tabindex="0" data-product-id="131310">Cancel</button></div></div></div></div></div><div class="confirmation-wrapper" style="display: none;"><div class="confirmation-whitewash"></div></div><img src="./Produce_Packaged_Produce_Salads_files/OPWD9.jpg" alt="Dole Peaches Yellow Cling Sliced in 100% Fruit Juice" class="product-grid-cell_main-image" data-block-spinner="true" data-product-id="131310"><div class="product-grid-cell_price-tag"><div class="product-grid-cell_name" role="link" tabindex="0" data-block-spinner="true" data-product-id="131310"><h3 class="product-grid-cell_name-text select-text">Dole Peaches Yellow Cling Sliced in 100% Fruit Juice</h3></div><div class="product-grid-cell_price-container" role="link" data-block-spinner="true" data-product-id="131310"><div class="product-grid-cell_regular-price-container"><span class="product-grid-cell_was" aria-hidden="true"></span><span class="product-grid-cell_regular-price"></span></div><span class="product-grid-cell_main-price select-text">$3.59</span><span class="product-grid-cell_hidden-price"></span></div><span class="product-grid-cell_size select-text" role="link" data-block-spinner="true" data-product-id="131310">23.5 oz jar</span><span data-block-spinner="true" data-product-id="131310"><span class="product-grid-cell_unit select-text"> | $0.15 / oz</span></span><div class="buy-more-save-more_cta-grid-container"></div><div class="add-to-cart"><div class="add-to-cart_button"><button class="button button--add-to-cart" data-product-id="131310" data-price="3.59" data-cart-log-location="BROWSE_AISLES" data-persisted-quantity="0" data-other-information="{&quot;catPath&quot;:&quot;1,2098,2275&quot;,&quot;sale&quot;:false,&quot;newArrival&quot;:false,&quot;sponsored&quot;:false,&quot;includeContentTrackingInfo&quot;:true}">Add to Cart</button></div><span class="element-invisible" aria-live="assertive"></span></div></div><div class="spyglass-container"></div></li><li role="region" tabindex="-1" aria-label="Dole Salad Blend American" class="product-cell product-grid-cell product-grid-cell--quad" data-id="47-&gt;118748" data-position="46"><div class="confirmation-wrapper confirmation-wrapper--hidden" id="confirmation-wrapper--118748"><div class="confirmation-whitewash"><div class="confirmation-dialog"><div class="confirmation-dialog_messages" tabindex="0"><h4 class="confirmation-dialog_message-headline">Remove This Item From Your Cart?</h4></div><div class="confirmation-dialog_action-container"><div class="confirmation-dialog_confirmation-button"><button class="button button--fourth" tabindex="0" data-product-id="118748" data-cart-log-location="BROWSE_AISLES" data-persisted-quantity="undefined" data-price="2.5">OK</button></div><div class="confirmation-dialog_cancel-button"><button class="button button--fourth" tabindex="0" data-product-id="118748">Cancel</button></div></div></div></div></div><div class="confirmation-wrapper" style="display: none;"><div class="confirmation-whitewash"></div></div><div class="item-detail_flag--outer-container"><div class="item-detail_flag--container"><div class="item-detail_flag--flag sale">Sale</div></div></div><img src="./Produce_Packaged_Produce_Salads_files/FBGPZ.jpg" alt="Dole Salad Blend American" class="product-grid-cell_main-image" data-block-spinner="true" data-product-id="118748"><div class="product-grid-cell_price-tag"><div class="product-grid-cell_name" role="link" tabindex="0" data-block-spinner="true" data-product-id="118748"><h3 class="product-grid-cell_name-text select-text">Dole Salad Blend American</h3></div><div class="product-grid-cell_price-container" role="link" data-block-spinner="true" data-product-id="118748"><div class="product-grid-cell_regular-price-container"><span class="product-grid-cell_was" aria-hidden="true"></span><span class="product-grid-cell_regular-price"></span></div><span class="product-grid-cell_main-price select-text product-grid-cell_main-price--on-sale">$2.50</span><span class="product-grid-cell_hidden-price"></span></div><span class="product-grid-cell_size select-text" role="link" data-block-spinner="true" data-product-id="118748">12 oz bag</span><span data-block-spinner="true" data-product-id="118748"><span class="product-grid-cell_unit select-text"> | $0.21 / oz</span></span><div class="buy-more-save-more_cta-grid-container"></div><div class="add-to-cart"><div class="add-to-cart_button"><button class="button button--add-to-cart" data-product-id="118748" data-price="2.5" data-cart-log-location="BROWSE_AISLES" data-persisted-quantity="0" data-other-information="{&quot;catPath&quot;:&quot;1,2098,2275&quot;,&quot;sale&quot;:true,&quot;newArrival&quot;:false,&quot;sponsored&quot;:false,&quot;includeContentTrackingInfo&quot;:true}">Add to Cart</button></div><span class="element-invisible" aria-live="assertive"></span></div></div><div class="spyglass-container"></div></li><li role="region" tabindex="-1" aria-label="Stop &amp; Shop Russet Potato Microwavable" class="product-cell product-grid-cell product-grid-cell--quad" data-id="48-&gt;220313" data-position="47"><div class="confirmation-wrapper confirmation-wrapper--hidden" id="confirmation-wrapper--220313"><div class="confirmation-whitewash"><div class="confirmation-dialog"><div class="confirmation-dialog_messages" tabindex="0"><h4 class="confirmation-dialog_message-headline">Remove This Item From Your Cart?</h4></div><div class="confirmation-dialog_action-container"><div class="confirmation-dialog_confirmation-button"><button class="button button--fourth" tabindex="0" data-product-id="220313" data-cart-log-location="BROWSE_AISLES" data-persisted-quantity="undefined" data-price="1.5">OK</button></div><div class="confirmation-dialog_cancel-button"><button class="button button--fourth" tabindex="0" data-product-id="220313">Cancel</button></div></div></div></div></div><div class="confirmation-wrapper" style="display: none;"><div class="confirmation-whitewash"></div></div><img src="./Produce_Packaged_Produce_Salads_files/FSP9X.jpg" alt="Stop &amp; Shop Russet Potato Microwavable" class="product-grid-cell_main-image" data-block-spinner="true" data-product-id="220313"><div class="product-grid-cell_price-tag"><div class="product-grid-cell_name" role="link" tabindex="0" data-block-spinner="true" data-product-id="220313"><h3 class="product-grid-cell_name-text select-text"><span class="vector-icon_inline-text--left"><div class="vector-icon_outer-wrapper"><div class="vector-icon_container vector-icon-size--xsmall"><svg version="1.1" x="0px" y="0px" focusable="false" viewBox="0 0 945 1024" class="" role="presentation" aria-hidden="true"><title>Ahold Wedge Icon</title><desc>Ahold Icon</desc><path d="M1.893 730.617c-1.289-2.094-2.052-4.631-2.052-7.346 0-0.747 0.058-1.481 0.169-2.197 0.158-12.396 10.227-22.466 22.687-22.634l895.306-0c12.476 0.168 22.545 10.237 22.713 22.698-0.521 3.721-1.182 6.924-2.024 10.053l0.131-0.574c-86.363 175.072-263.598 293.385-468.466 293.385s-382.103-118.313-467.105-290.339l-1.361-3.046z" class="path1" fill="rgb(247, 168, 0)"></path><path d="M107.889 132.495c1.893-1.893 1.893-3.786 3.786-5.678 2.98-3.491 7.385-5.69 12.303-5.69s9.323 2.199 12.284 5.668l0.019 0.022 476.983 476.983c3.491 2.98 5.69 7.385 5.69 12.303s-2.199 9.323-5.668 12.284c-1.399 1.869-3.361 3.216-5.631 3.789l-0.069 0.015c-38.446 13.732-82.796 21.669-129.001 21.669-108.416 0-206.626-43.699-277.977-114.443-70.367-71.826-113.809-170.317-113.809-278.955 0-45.803 7.722-89.803 21.936-130.767l-0.845 2.8z" class="path2" fill="rgb(226, 35, 26)"></path><path d="M600.015 1.893c1.247-1.204 2.948-1.946 4.822-1.946 0.302 0 0.6 0.019 0.891 0.057 0.057-0.006 0.164-0.007 0.272-0.007 7.15 0 12.947 5.796 12.947 12.947 0 0.108-0.001 0.215-0.004 0.322l0-0.016v503.482c0.002 0.091 0.004 0.199 0.004 0.306 0 7.15-5.796 12.947-12.947 12.947-0.108 0-0.215-0.001-0.322-0.004-0.241 0.034-0.539 0.053-0.841 0.053-1.874 0-3.574-0.742-4.824-1.948l0.002 0.002c-98.273-48.542-164.673-148.065-164.673-263.098s66.401-214.556 162.964-262.333l1.709-0.765z" class="path3" fill="rgb(113, 33, 119)"></path><path d="M938.824 283.919c1.893 0 1.893 1.893 3.786 1.893 1.765 2.012 2.841 4.666 2.841 7.571s-1.077 5.559-2.853 7.584l0.011-0.013-268.776 266.884c-2.012 1.765-4.666 2.841-7.571 2.841s-5.559-1.077-7.584-2.853c-1.144-0.651-1.911-1.879-1.911-3.285 0-0.172 0.012-0.342 0.034-0.508l-0.002 0.019c-7.681-21.529-12.12-46.363-12.12-72.235 0-61.263 24.891-116.712 65.111-156.786 39.326-39.792 93.895-64.431 154.219-64.431 26.857 0 52.573 4.884 76.309 13.812l-1.494-0.493z" class="path4" fill="rgb(130, 188, 0)"></path></svg></div></div></span>Stop &amp; Shop Russet Potato Microwavable</h3></div><div class="product-grid-cell_price-container" role="link" data-block-spinner="true" data-product-id="220313"><div class="product-grid-cell_regular-price-container"><span class="product-grid-cell_was" aria-hidden="true"></span><span class="product-grid-cell_regular-price"></span></div><span class="product-grid-cell_main-price select-text">$1.50</span><span class="product-grid-cell_hidden-price"></span></div><span class="product-grid-cell_size select-text" role="link" data-block-spinner="true" data-product-id="220313">6 oz pkg</span><span data-block-spinner="true" data-product-id="220313"><span class="product-grid-cell_unit select-text"> | $0.25 / oz</span></span><div class="buy-more-save-more_cta-grid-container"></div><div class="add-to-cart"><div class="add-to-cart_button"><button class="button button--add-to-cart" data-product-id="220313" data-price="1.5" data-cart-log-location="BROWSE_AISLES" data-persisted-quantity="0" data-other-information="{&quot;catPath&quot;:&quot;1,2098,2275&quot;,&quot;sale&quot;:false,&quot;newArrival&quot;:false,&quot;sponsored&quot;:false,&quot;includeContentTrackingInfo&quot;:true}">Add to Cart</button></div><span class="element-invisible" aria-live="assertive"></span></div></div><div class="spyglass-container"></div></li><li role="region" tabindex="-1" aria-label="Dole Premium Salad Kit Ultimate Caesar" class="product-cell product-grid-cell product-grid-cell--quad" data-id="49-&gt;151657" data-position="48"><div class="confirmation-wrapper confirmation-wrapper--hidden" id="confirmation-wrapper--151657"><div class="confirmation-whitewash"><div class="confirmation-dialog"><div class="confirmation-dialog_messages" tabindex="0"><h4 class="confirmation-dialog_message-headline">Remove This Item From Your Cart?</h4></div><div class="confirmation-dialog_action-container"><div class="confirmation-dialog_confirmation-button"><button class="button button--fourth" tabindex="0" data-product-id="151657" data-cart-log-location="BROWSE_AISLES" data-persisted-quantity="undefined" data-price="3.59">OK</button></div><div class="confirmation-dialog_cancel-button"><button class="button button--fourth" tabindex="0" data-product-id="151657">Cancel</button></div></div></div></div></div><div class="confirmation-wrapper" style="display: none;"><div class="confirmation-whitewash"></div></div><img src="./Produce_Packaged_Produce_Salads_files/QALH2.jpg" alt="Dole Premium Salad Kit Ultimate Caesar" class="product-grid-cell_main-image" data-block-spinner="true" data-product-id="151657"><div class="product-grid-cell_price-tag"><div class="product-grid-cell_name" role="link" tabindex="0" data-block-spinner="true" data-product-id="151657"><h3 class="product-grid-cell_name-text select-text">Dole Premium Salad Kit Ultimate Caesar</h3></div><div class="product-grid-cell_price-container" role="link" data-block-spinner="true" data-product-id="151657"><div class="product-grid-cell_regular-price-container"><span class="product-grid-cell_was" aria-hidden="true"></span><span class="product-grid-cell_regular-price"></span></div><span class="product-grid-cell_main-price select-text">$3.59</span><span class="product-grid-cell_hidden-price"></span></div><span class="product-grid-cell_size select-text" role="link" data-block-spinner="true" data-product-id="151657">11.2 oz bag</span><span data-block-spinner="true" data-product-id="151657"><span class="product-grid-cell_unit select-text"> | $0.32 / oz</span></span><div class="buy-more-save-more_cta-grid-container"></div><div class="add-to-cart"><div class="add-to-cart_button"><button class="button button--add-to-cart" data-product-id="151657" data-price="3.59" data-cart-log-location="BROWSE_AISLES" data-persisted-quantity="0" data-other-information="{&quot;catPath&quot;:&quot;1,2098,2275&quot;,&quot;sale&quot;:false,&quot;newArrival&quot;:false,&quot;sponsored&quot;:false,&quot;includeContentTrackingInfo&quot;:true}">Add to Cart</button></div><span class="element-invisible" aria-live="assertive"></span></div></div><div class="spyglass-container"></div></li><li role="region" tabindex="-1" aria-label="Stop &amp; Shop Premium Salad American Blend" class="product-cell product-grid-cell product-grid-cell--quad" data-id="50-&gt;118584" data-position="49"><div class="confirmation-wrapper confirmation-wrapper--hidden" id="confirmation-wrapper--118584"><div class="confirmation-whitewash"><div class="confirmation-dialog"><div class="confirmation-dialog_messages" tabindex="0"><h4 class="confirmation-dialog_message-headline">Remove This Item From Your Cart?</h4></div><div class="confirmation-dialog_action-container"><div class="confirmation-dialog_confirmation-button"><button class="button button--fourth" tabindex="0" data-product-id="118584" data-cart-log-location="BROWSE_AISLES" data-persisted-quantity="undefined" data-price="2.5">OK</button></div><div class="confirmation-dialog_cancel-button"><button class="button button--fourth" tabindex="0" data-product-id="118584">Cancel</button></div></div></div></div></div><div class="confirmation-wrapper" style="display: none;"><div class="confirmation-whitewash"></div></div><div class="item-detail_flag--outer-container"><div class="item-detail_flag--container"><div class="item-detail_flag--flag sale">Sale</div></div></div><img src="./Produce_Packaged_Produce_Salads_files/Z8T4J.jpg" alt="Stop &amp; Shop Premium Salad American Blend" class="product-grid-cell_main-image" data-block-spinner="true" data-product-id="118584"><div class="product-grid-cell_price-tag"><div class="product-grid-cell_name" role="link" tabindex="0" data-block-spinner="true" data-product-id="118584"><h3 class="product-grid-cell_name-text select-text"><span class="vector-icon_inline-text--left"><div class="vector-icon_outer-wrapper"><div class="vector-icon_container vector-icon-size--xsmall"><svg version="1.1" x="0px" y="0px" focusable="false" viewBox="0 0 945 1024" class="" role="presentation" aria-hidden="true"><title>Ahold Wedge Icon</title><desc>Ahold Icon</desc><path d="M1.893 730.617c-1.289-2.094-2.052-4.631-2.052-7.346 0-0.747 0.058-1.481 0.169-2.197 0.158-12.396 10.227-22.466 22.687-22.634l895.306-0c12.476 0.168 22.545 10.237 22.713 22.698-0.521 3.721-1.182 6.924-2.024 10.053l0.131-0.574c-86.363 175.072-263.598 293.385-468.466 293.385s-382.103-118.313-467.105-290.339l-1.361-3.046z" class="path1" fill="rgb(247, 168, 0)"></path><path d="M107.889 132.495c1.893-1.893 1.893-3.786 3.786-5.678 2.98-3.491 7.385-5.69 12.303-5.69s9.323 2.199 12.284 5.668l0.019 0.022 476.983 476.983c3.491 2.98 5.69 7.385 5.69 12.303s-2.199 9.323-5.668 12.284c-1.399 1.869-3.361 3.216-5.631 3.789l-0.069 0.015c-38.446 13.732-82.796 21.669-129.001 21.669-108.416 0-206.626-43.699-277.977-114.443-70.367-71.826-113.809-170.317-113.809-278.955 0-45.803 7.722-89.803 21.936-130.767l-0.845 2.8z" class="path2" fill="rgb(226, 35, 26)"></path><path d="M600.015 1.893c1.247-1.204 2.948-1.946 4.822-1.946 0.302 0 0.6 0.019 0.891 0.057 0.057-0.006 0.164-0.007 0.272-0.007 7.15 0 12.947 5.796 12.947 12.947 0 0.108-0.001 0.215-0.004 0.322l0-0.016v503.482c0.002 0.091 0.004 0.199 0.004 0.306 0 7.15-5.796 12.947-12.947 12.947-0.108 0-0.215-0.001-0.322-0.004-0.241 0.034-0.539 0.053-0.841 0.053-1.874 0-3.574-0.742-4.824-1.948l0.002 0.002c-98.273-48.542-164.673-148.065-164.673-263.098s66.401-214.556 162.964-262.333l1.709-0.765z" class="path3" fill="rgb(113, 33, 119)"></path><path d="M938.824 283.919c1.893 0 1.893 1.893 3.786 1.893 1.765 2.012 2.841 4.666 2.841 7.571s-1.077 5.559-2.853 7.584l0.011-0.013-268.776 266.884c-2.012 1.765-4.666 2.841-7.571 2.841s-5.559-1.077-7.584-2.853c-1.144-0.651-1.911-1.879-1.911-3.285 0-0.172 0.012-0.342 0.034-0.508l-0.002 0.019c-7.681-21.529-12.12-46.363-12.12-72.235 0-61.263 24.891-116.712 65.111-156.786 39.326-39.792 93.895-64.431 154.219-64.431 26.857 0 52.573 4.884 76.309 13.812l-1.494-0.493z" class="path4" fill="rgb(130, 188, 0)"></path></svg></div></div></span>Stop &amp; Shop Premium Salad American Blend</h3></div><div class="product-grid-cell_price-container" role="link" data-block-spinner="true" data-product-id="118584"><div class="product-grid-cell_regular-price-container"><span class="product-grid-cell_was" aria-hidden="true"></span><span class="product-grid-cell_regular-price"></span></div><span class="product-grid-cell_main-price select-text product-grid-cell_main-price--on-sale">$2.50</span><span class="product-grid-cell_hidden-price"></span></div><span class="product-grid-cell_size select-text" role="link" data-block-spinner="true" data-product-id="118584">12 oz bag</span><span data-block-spinner="true" data-product-id="118584"><span class="product-grid-cell_unit select-text"> | $0.21 / oz</span></span><div class="buy-more-save-more_cta-grid-container"></div><div class="add-to-cart"><div class="add-to-cart_button"><button class="button button--add-to-cart" data-product-id="118584" data-price="2.5" data-cart-log-location="BROWSE_AISLES" data-persisted-quantity="0" data-other-information="{&quot;catPath&quot;:&quot;1,2098,2275&quot;,&quot;sale&quot;:true,&quot;newArrival&quot;:false,&quot;sponsored&quot;:false,&quot;includeContentTrackingInfo&quot;:true}">Add to Cart</button></div><span class="element-invisible" aria-live="assertive"></span></div></div><div class="spyglass-container"></div></li><li role="region" tabindex="-1" aria-label="Express Bake PotatOH! Microwave" class="product-cell product-grid-cell product-grid-cell--quad" data-id="51-&gt;128053" data-position="50"><div class="confirmation-wrapper confirmation-wrapper--hidden" id="confirmation-wrapper--128053"><div class="confirmation-whitewash"><div class="confirmation-dialog"><div class="confirmation-dialog_messages" tabindex="0"><h4 class="confirmation-dialog_message-headline">Remove This Item From Your Cart?</h4></div><div class="confirmation-dialog_action-container"><div class="confirmation-dialog_confirmation-button"><button class="button button--fourth" tabindex="0" data-product-id="128053" data-cart-log-location="BROWSE_AISLES" data-persisted-quantity="undefined" data-price="1.5">OK</button></div><div class="confirmation-dialog_cancel-button"><button class="button button--fourth" tabindex="0" data-product-id="128053">Cancel</button></div></div></div></div></div><div class="confirmation-wrapper" style="display: none;"><div class="confirmation-whitewash"></div></div><img src="./Produce_Packaged_Produce_Salads_files/LWO7I.jpg" alt="Express Bake PotatOH! Microwave" class="product-grid-cell_main-image" data-block-spinner="true" data-product-id="128053"><div class="product-grid-cell_price-tag"><div class="product-grid-cell_name" role="link" tabindex="0" data-block-spinner="true" data-product-id="128053"><h3 class="product-grid-cell_name-text select-text">Express Bake PotatOH! Microwave</h3></div><div class="product-grid-cell_price-container" role="link" data-block-spinner="true" data-product-id="128053"><div class="product-grid-cell_regular-price-container"><span class="product-grid-cell_was" aria-hidden="true"></span><span class="product-grid-cell_regular-price"></span></div><span class="product-grid-cell_main-price select-text">$1.50</span><span class="product-grid-cell_hidden-price"></span></div><span class="product-grid-cell_size select-text" role="link" data-block-spinner="true" data-product-id="128053">8 oz ea</span><span data-block-spinner="true" data-product-id="128053"><span class="product-grid-cell_unit select-text"> | $0.19 / oz</span></span><div class="buy-more-save-more_cta-grid-container"></div><div class="add-to-cart"><div class="add-to-cart_button"><button class="button button--add-to-cart" data-product-id="128053" data-price="1.5" data-cart-log-location="BROWSE_AISLES" data-persisted-quantity="0" data-other-information="{&quot;catPath&quot;:&quot;1,2098,2275&quot;,&quot;sale&quot;:false,&quot;newArrival&quot;:false,&quot;sponsored&quot;:false,&quot;includeContentTrackingInfo&quot;:true}">Add to Cart</button></div><span class="element-invisible" aria-live="assertive"></span></div></div><div class="spyglass-container"></div></li><li role="region" tabindex="-1" aria-label="Stop &amp; Shop Garlic Minced in Water" class="product-cell product-grid-cell product-grid-cell--quad" data-id="52-&gt;195367" data-position="51"><div class="confirmation-wrapper confirmation-wrapper--hidden" id="confirmation-wrapper--195367"><div class="confirmation-whitewash"><div class="confirmation-dialog"><div class="confirmation-dialog_messages" tabindex="0"><h4 class="confirmation-dialog_message-headline">Remove This Item From Your Cart?</h4></div><div class="confirmation-dialog_action-container"><div class="confirmation-dialog_confirmation-button"><button class="button button--fourth" tabindex="0" data-product-id="195367" data-cart-log-location="BROWSE_AISLES" data-persisted-quantity="undefined" data-price="3.19">OK</button></div><div class="confirmation-dialog_cancel-button"><button class="button button--fourth" tabindex="0" data-product-id="195367">Cancel</button></div></div></div></div></div><div class="confirmation-wrapper" style="display: none;"><div class="confirmation-whitewash"></div></div><img src="./Produce_Packaged_Produce_Salads_files/X9UUC.jpg" alt="Stop &amp; Shop Garlic Minced in Water" class="product-grid-cell_main-image" data-block-spinner="true" data-product-id="195367"><div class="product-grid-cell_price-tag"><div class="product-grid-cell_name" role="link" tabindex="0" data-block-spinner="true" data-product-id="195367"><h3 class="product-grid-cell_name-text select-text"><span class="vector-icon_inline-text--left"><div class="vector-icon_outer-wrapper"><div class="vector-icon_container vector-icon-size--xsmall"><svg version="1.1" x="0px" y="0px" focusable="false" viewBox="0 0 945 1024" class="" role="presentation" aria-hidden="true"><title>Ahold Wedge Icon</title><desc>Ahold Icon</desc><path d="M1.893 730.617c-1.289-2.094-2.052-4.631-2.052-7.346 0-0.747 0.058-1.481 0.169-2.197 0.158-12.396 10.227-22.466 22.687-22.634l895.306-0c12.476 0.168 22.545 10.237 22.713 22.698-0.521 3.721-1.182 6.924-2.024 10.053l0.131-0.574c-86.363 175.072-263.598 293.385-468.466 293.385s-382.103-118.313-467.105-290.339l-1.361-3.046z" class="path1" fill="rgb(247, 168, 0)"></path><path d="M107.889 132.495c1.893-1.893 1.893-3.786 3.786-5.678 2.98-3.491 7.385-5.69 12.303-5.69s9.323 2.199 12.284 5.668l0.019 0.022 476.983 476.983c3.491 2.98 5.69 7.385 5.69 12.303s-2.199 9.323-5.668 12.284c-1.399 1.869-3.361 3.216-5.631 3.789l-0.069 0.015c-38.446 13.732-82.796 21.669-129.001 21.669-108.416 0-206.626-43.699-277.977-114.443-70.367-71.826-113.809-170.317-113.809-278.955 0-45.803 7.722-89.803 21.936-130.767l-0.845 2.8z" class="path2" fill="rgb(226, 35, 26)"></path><path d="M600.015 1.893c1.247-1.204 2.948-1.946 4.822-1.946 0.302 0 0.6 0.019 0.891 0.057 0.057-0.006 0.164-0.007 0.272-0.007 7.15 0 12.947 5.796 12.947 12.947 0 0.108-0.001 0.215-0.004 0.322l0-0.016v503.482c0.002 0.091 0.004 0.199 0.004 0.306 0 7.15-5.796 12.947-12.947 12.947-0.108 0-0.215-0.001-0.322-0.004-0.241 0.034-0.539 0.053-0.841 0.053-1.874 0-3.574-0.742-4.824-1.948l0.002 0.002c-98.273-48.542-164.673-148.065-164.673-263.098s66.401-214.556 162.964-262.333l1.709-0.765z" class="path3" fill="rgb(113, 33, 119)"></path><path d="M938.824 283.919c1.893 0 1.893 1.893 3.786 1.893 1.765 2.012 2.841 4.666 2.841 7.571s-1.077 5.559-2.853 7.584l0.011-0.013-268.776 266.884c-2.012 1.765-4.666 2.841-7.571 2.841s-5.559-1.077-7.584-2.853c-1.144-0.651-1.911-1.879-1.911-3.285 0-0.172 0.012-0.342 0.034-0.508l-0.002 0.019c-7.681-21.529-12.12-46.363-12.12-72.235 0-61.263 24.891-116.712 65.111-156.786 39.326-39.792 93.895-64.431 154.219-64.431 26.857 0 52.573 4.884 76.309 13.812l-1.494-0.493z" class="path4" fill="rgb(130, 188, 0)"></path></svg></div></div></span>Stop &amp; Shop Garlic Minced in Water</h3></div><div class="product-grid-cell_price-container" role="link" data-block-spinner="true" data-product-id="195367"><div class="product-grid-cell_regular-price-container"><span class="product-grid-cell_was" aria-hidden="true"></span><span class="product-grid-cell_regular-price"></span></div><span class="product-grid-cell_main-price select-text">$3.19</span><span class="product-grid-cell_hidden-price"></span></div><span class="product-grid-cell_size select-text" role="link" data-block-spinner="true" data-product-id="195367">8 oz jar</span><span data-block-spinner="true" data-product-id="195367"><span class="product-grid-cell_unit select-text"> | $0.40 / oz</span></span><div class="buy-more-save-more_cta-grid-container"></div><div class="add-to-cart"><div class="add-to-cart_button"><button class="button button--add-to-cart" data-product-id="195367" data-price="3.19" data-cart-log-location="BROWSE_AISLES" data-persisted-quantity="0" data-other-information="{&quot;catPath&quot;:&quot;1,2098,2275&quot;,&quot;sale&quot;:false,&quot;newArrival&quot;:false,&quot;sponsored&quot;:false,&quot;includeContentTrackingInfo&quot;:true}">Add to Cart</button></div><span class="element-invisible" aria-live="assertive"></span></div></div><div class="spyglass-container"></div></li><li role="region" tabindex="-1" aria-label="Dole Salad Blend Very Veggie" class="product-cell product-grid-cell product-grid-cell--quad" data-id="53-&gt;124563" data-position="52"><div class="confirmation-wrapper confirmation-wrapper--hidden" id="confirmation-wrapper--124563"><div class="confirmation-whitewash"><div class="confirmation-dialog"><div class="confirmation-dialog_messages" tabindex="0"><h4 class="confirmation-dialog_message-headline">Remove This Item From Your Cart?</h4></div><div class="confirmation-dialog_action-container"><div class="confirmation-dialog_confirmation-button"><button class="button button--fourth" tabindex="0" data-product-id="124563" data-cart-log-location="BROWSE_AISLES" data-persisted-quantity="undefined" data-price="2.5">OK</button></div><div class="confirmation-dialog_cancel-button"><button class="button button--fourth" tabindex="0" data-product-id="124563">Cancel</button></div></div></div></div></div><div class="confirmation-wrapper" style="display: none;"><div class="confirmation-whitewash"></div></div><div class="item-detail_flag--outer-container"><div class="item-detail_flag--container"><div class="item-detail_flag--flag sale">Sale</div></div></div><img src="./Produce_Packaged_Produce_Salads_files/CI5CN.jpg" alt="Dole Salad Blend Very Veggie" class="product-grid-cell_main-image" data-block-spinner="true" data-product-id="124563"><div class="product-grid-cell_price-tag"><div class="product-grid-cell_name" role="link" tabindex="0" data-block-spinner="true" data-product-id="124563"><h3 class="product-grid-cell_name-text select-text">Dole Salad Blend Very Veggie</h3></div><div class="product-grid-cell_price-container" role="link" data-block-spinner="true" data-product-id="124563"><div class="product-grid-cell_regular-price-container"><span class="product-grid-cell_was" aria-hidden="true"></span><span class="product-grid-cell_regular-price"></span></div><span class="product-grid-cell_main-price select-text product-grid-cell_main-price--on-sale">$2.50</span><span class="product-grid-cell_hidden-price"></span></div><span class="product-grid-cell_size select-text" role="link" data-block-spinner="true" data-product-id="124563">10 oz bag</span><span data-block-spinner="true" data-product-id="124563"><span class="product-grid-cell_unit select-text"> | $0.25 / oz</span></span><div class="buy-more-save-more_cta-grid-container"></div><div class="add-to-cart"><div class="add-to-cart_button"><button class="button button--add-to-cart" data-product-id="124563" data-price="2.5" data-cart-log-location="BROWSE_AISLES" data-persisted-quantity="0" data-other-information="{&quot;catPath&quot;:&quot;1,2098,2275&quot;,&quot;sale&quot;:true,&quot;newArrival&quot;:false,&quot;sponsored&quot;:false,&quot;includeContentTrackingInfo&quot;:true}">Add to Cart</button></div><span class="element-invisible" aria-live="assertive"></span></div></div><div class="spyglass-container"></div></li><li role="region" tabindex="-1" aria-label="Stop &amp; Shop Salad Bowl Turkey &amp; Bacon Cobb" class="product-cell product-grid-cell product-grid-cell--quad" data-id="54-&gt;190809" data-position="53"><div class="confirmation-wrapper confirmation-wrapper--hidden" id="confirmation-wrapper--190809"><div class="confirmation-whitewash"><div class="confirmation-dialog"><div class="confirmation-dialog_messages" tabindex="0"><h4 class="confirmation-dialog_message-headline">Remove This Item From Your Cart?</h4></div><div class="confirmation-dialog_action-container"><div class="confirmation-dialog_confirmation-button"><button class="button button--fourth" tabindex="0" data-product-id="190809" data-cart-log-location="BROWSE_AISLES" data-persisted-quantity="undefined" data-price="3.5">OK</button></div><div class="confirmation-dialog_cancel-button"><button class="button button--fourth" tabindex="0" data-product-id="190809">Cancel</button></div></div></div></div></div><div class="confirmation-wrapper" style="display: none;"><div class="confirmation-whitewash"></div></div><img src="./Produce_Packaged_Produce_Salads_files/OKDDQ.jpg" alt="Stop &amp; Shop Salad Bowl Turkey &amp; Bacon Cobb" class="product-grid-cell_main-image" data-block-spinner="true" data-product-id="190809"><div class="product-grid-cell_price-tag"><div class="product-grid-cell_name" role="link" tabindex="0" data-block-spinner="true" data-product-id="190809"><h3 class="product-grid-cell_name-text select-text"><span class="vector-icon_inline-text--left"><div class="vector-icon_outer-wrapper"><div class="vector-icon_container vector-icon-size--xsmall"><svg version="1.1" x="0px" y="0px" focusable="false" viewBox="0 0 945 1024" class="" role="presentation" aria-hidden="true"><title>Ahold Wedge Icon</title><desc>Ahold Icon</desc><path d="M1.893 730.617c-1.289-2.094-2.052-4.631-2.052-7.346 0-0.747 0.058-1.481 0.169-2.197 0.158-12.396 10.227-22.466 22.687-22.634l895.306-0c12.476 0.168 22.545 10.237 22.713 22.698-0.521 3.721-1.182 6.924-2.024 10.053l0.131-0.574c-86.363 175.072-263.598 293.385-468.466 293.385s-382.103-118.313-467.105-290.339l-1.361-3.046z" class="path1" fill="rgb(247, 168, 0)"></path><path d="M107.889 132.495c1.893-1.893 1.893-3.786 3.786-5.678 2.98-3.491 7.385-5.69 12.303-5.69s9.323 2.199 12.284 5.668l0.019 0.022 476.983 476.983c3.491 2.98 5.69 7.385 5.69 12.303s-2.199 9.323-5.668 12.284c-1.399 1.869-3.361 3.216-5.631 3.789l-0.069 0.015c-38.446 13.732-82.796 21.669-129.001 21.669-108.416 0-206.626-43.699-277.977-114.443-70.367-71.826-113.809-170.317-113.809-278.955 0-45.803 7.722-89.803 21.936-130.767l-0.845 2.8z" class="path2" fill="rgb(226, 35, 26)"></path><path d="M600.015 1.893c1.247-1.204 2.948-1.946 4.822-1.946 0.302 0 0.6 0.019 0.891 0.057 0.057-0.006 0.164-0.007 0.272-0.007 7.15 0 12.947 5.796 12.947 12.947 0 0.108-0.001 0.215-0.004 0.322l0-0.016v503.482c0.002 0.091 0.004 0.199 0.004 0.306 0 7.15-5.796 12.947-12.947 12.947-0.108 0-0.215-0.001-0.322-0.004-0.241 0.034-0.539 0.053-0.841 0.053-1.874 0-3.574-0.742-4.824-1.948l0.002 0.002c-98.273-48.542-164.673-148.065-164.673-263.098s66.401-214.556 162.964-262.333l1.709-0.765z" class="path3" fill="rgb(113, 33, 119)"></path><path d="M938.824 283.919c1.893 0 1.893 1.893 3.786 1.893 1.765 2.012 2.841 4.666 2.841 7.571s-1.077 5.559-2.853 7.584l0.011-0.013-268.776 266.884c-2.012 1.765-4.666 2.841-7.571 2.841s-5.559-1.077-7.584-2.853c-1.144-0.651-1.911-1.879-1.911-3.285 0-0.172 0.012-0.342 0.034-0.508l-0.002 0.019c-7.681-21.529-12.12-46.363-12.12-72.235 0-61.263 24.891-116.712 65.111-156.786 39.326-39.792 93.895-64.431 154.219-64.431 26.857 0 52.573 4.884 76.309 13.812l-1.494-0.493z" class="path4" fill="rgb(130, 188, 0)"></path></svg></div></div></span>Stop &amp; Shop Salad Bowl Turkey &amp; Bacon Cobb</h3></div><div class="product-grid-cell_price-container" role="link" data-block-spinner="true" data-product-id="190809"><div class="product-grid-cell_regular-price-container"><span class="product-grid-cell_was" aria-hidden="true"></span><span class="product-grid-cell_regular-price"></span></div><span class="product-grid-cell_main-price select-text">$3.50</span><span class="product-grid-cell_hidden-price"></span></div><span class="product-grid-cell_size select-text" role="link" data-block-spinner="true" data-product-id="190809">7.25 oz bwl</span><span data-block-spinner="true" data-product-id="190809"><span class="product-grid-cell_unit select-text"> | $0.48 / oz</span></span><div class="buy-more-save-more_cta-grid-container"></div><div class="add-to-cart"><div class="add-to-cart_button"><button class="button button--add-to-cart" data-product-id="190809" data-price="3.5" data-cart-log-location="BROWSE_AISLES" data-persisted-quantity="0" data-other-information="{&quot;catPath&quot;:&quot;1,2098,2275&quot;,&quot;sale&quot;:false,&quot;newArrival&quot;:false,&quot;sponsored&quot;:false,&quot;includeContentTrackingInfo&quot;:true}">Add to Cart</button></div><span class="element-invisible" aria-live="assertive"></span></div></div><div class="spyglass-container"></div></li><li role="region" tabindex="-1" aria-label="Stop &amp; Shop Spinach Triple Washed" class="product-cell product-grid-cell product-grid-cell--quad" data-id="55-&gt;118780" data-position="54"><div class="confirmation-wrapper confirmation-wrapper--hidden" id="confirmation-wrapper--118780"><div class="confirmation-whitewash"><div class="confirmation-dialog"><div class="confirmation-dialog_messages" tabindex="0"><h4 class="confirmation-dialog_message-headline">Remove This Item From Your Cart?</h4></div><div class="confirmation-dialog_action-container"><div class="confirmation-dialog_confirmation-button"><button class="button button--fourth" tabindex="0" data-product-id="118780" data-cart-log-location="BROWSE_AISLES" data-persisted-quantity="undefined" data-price="2.09">OK</button></div><div class="confirmation-dialog_cancel-button"><button class="button button--fourth" tabindex="0" data-product-id="118780">Cancel</button></div></div></div></div></div><div class="confirmation-wrapper" style="display: none;"><div class="confirmation-whitewash"></div></div><img src="./Produce_Packaged_Produce_Salads_files/5ILSY.jpg" alt="Stop &amp; Shop Spinach Triple Washed" class="product-grid-cell_main-image" data-block-spinner="true" data-product-id="118780"><div class="product-grid-cell_price-tag"><div class="product-grid-cell_name" role="link" tabindex="0" data-block-spinner="true" data-product-id="118780"><h3 class="product-grid-cell_name-text select-text"><span class="vector-icon_inline-text--left"><div class="vector-icon_outer-wrapper"><div class="vector-icon_container vector-icon-size--xsmall"><svg version="1.1" x="0px" y="0px" focusable="false" viewBox="0 0 945 1024" class="" role="presentation" aria-hidden="true"><title>Ahold Wedge Icon</title><desc>Ahold Icon</desc><path d="M1.893 730.617c-1.289-2.094-2.052-4.631-2.052-7.346 0-0.747 0.058-1.481 0.169-2.197 0.158-12.396 10.227-22.466 22.687-22.634l895.306-0c12.476 0.168 22.545 10.237 22.713 22.698-0.521 3.721-1.182 6.924-2.024 10.053l0.131-0.574c-86.363 175.072-263.598 293.385-468.466 293.385s-382.103-118.313-467.105-290.339l-1.361-3.046z" class="path1" fill="rgb(247, 168, 0)"></path><path d="M107.889 132.495c1.893-1.893 1.893-3.786 3.786-5.678 2.98-3.491 7.385-5.69 12.303-5.69s9.323 2.199 12.284 5.668l0.019 0.022 476.983 476.983c3.491 2.98 5.69 7.385 5.69 12.303s-2.199 9.323-5.668 12.284c-1.399 1.869-3.361 3.216-5.631 3.789l-0.069 0.015c-38.446 13.732-82.796 21.669-129.001 21.669-108.416 0-206.626-43.699-277.977-114.443-70.367-71.826-113.809-170.317-113.809-278.955 0-45.803 7.722-89.803 21.936-130.767l-0.845 2.8z" class="path2" fill="rgb(226, 35, 26)"></path><path d="M600.015 1.893c1.247-1.204 2.948-1.946 4.822-1.946 0.302 0 0.6 0.019 0.891 0.057 0.057-0.006 0.164-0.007 0.272-0.007 7.15 0 12.947 5.796 12.947 12.947 0 0.108-0.001 0.215-0.004 0.322l0-0.016v503.482c0.002 0.091 0.004 0.199 0.004 0.306 0 7.15-5.796 12.947-12.947 12.947-0.108 0-0.215-0.001-0.322-0.004-0.241 0.034-0.539 0.053-0.841 0.053-1.874 0-3.574-0.742-4.824-1.948l0.002 0.002c-98.273-48.542-164.673-148.065-164.673-263.098s66.401-214.556 162.964-262.333l1.709-0.765z" class="path3" fill="rgb(113, 33, 119)"></path><path d="M938.824 283.919c1.893 0 1.893 1.893 3.786 1.893 1.765 2.012 2.841 4.666 2.841 7.571s-1.077 5.559-2.853 7.584l0.011-0.013-268.776 266.884c-2.012 1.765-4.666 2.841-7.571 2.841s-5.559-1.077-7.584-2.853c-1.144-0.651-1.911-1.879-1.911-3.285 0-0.172 0.012-0.342 0.034-0.508l-0.002 0.019c-7.681-21.529-12.12-46.363-12.12-72.235 0-61.263 24.891-116.712 65.111-156.786 39.326-39.792 93.895-64.431 154.219-64.431 26.857 0 52.573 4.884 76.309 13.812l-1.494-0.493z" class="path4" fill="rgb(130, 188, 0)"></path></svg></div></div></span>Stop &amp; Shop Spinach Triple Washed</h3></div><div class="product-grid-cell_price-container" role="link" data-block-spinner="true" data-product-id="118780"><div class="product-grid-cell_regular-price-container"><span class="product-grid-cell_was" aria-hidden="true"></span><span class="product-grid-cell_regular-price"></span></div><span class="product-grid-cell_main-price select-text">$2.09</span><span class="product-grid-cell_hidden-price"></span></div><span class="product-grid-cell_size select-text" role="link" data-block-spinner="true" data-product-id="118780">8 oz bag</span><span data-block-spinner="true" data-product-id="118780"><span class="product-grid-cell_unit select-text"> | $0.26 / oz</span></span><div class="buy-more-save-more_cta-grid-container"></div><div class="add-to-cart"><div class="add-to-cart_button"><button class="button button--add-to-cart" data-product-id="118780" data-price="2.09" data-cart-log-location="BROWSE_AISLES" data-persisted-quantity="0" data-other-information="{&quot;catPath&quot;:&quot;1,2098,2275&quot;,&quot;sale&quot;:false,&quot;newArrival&quot;:false,&quot;sponsored&quot;:false,&quot;includeContentTrackingInfo&quot;:true}">Add to Cart</button></div><span class="element-invisible" aria-live="assertive"></span></div></div><div class="spyglass-container"></div></li><li role="region" tabindex="-1" aria-label="Carrots Baby Rainbow Peeled Organic" class="product-cell product-grid-cell product-grid-cell--quad" data-id="56-&gt;212424" data-position="55"><div class="confirmation-wrapper confirmation-wrapper--hidden" id="confirmation-wrapper--212424"><div class="confirmation-whitewash"><div class="confirmation-dialog"><div class="confirmation-dialog_messages" tabindex="0"><h4 class="confirmation-dialog_message-headline">Remove This Item From Your Cart?</h4></div><div class="confirmation-dialog_action-container"><div class="confirmation-dialog_confirmation-button"><button class="button button--fourth" tabindex="0" data-product-id="212424" data-cart-log-location="BROWSE_AISLES" data-persisted-quantity="undefined" data-price="2.09">OK</button></div><div class="confirmation-dialog_cancel-button"><button class="button button--fourth" tabindex="0" data-product-id="212424">Cancel</button></div></div></div></div></div><div class="confirmation-wrapper" style="display: none;"><div class="confirmation-whitewash"></div></div><img src="./Produce_Packaged_Produce_Salads_files/AHA1H.jpg" alt="Carrots Baby Rainbow Peeled Organic" class="product-grid-cell_main-image" data-block-spinner="true" data-product-id="212424"><div class="product-grid-cell_price-tag"><div class="product-grid-cell_name" role="link" tabindex="0" data-block-spinner="true" data-product-id="212424"><h3 class="product-grid-cell_name-text select-text">Carrots Baby Rainbow Peeled Organic</h3></div><div class="product-grid-cell_price-container" role="link" data-block-spinner="true" data-product-id="212424"><div class="product-grid-cell_regular-price-container"><span class="product-grid-cell_was" aria-hidden="true"></span><span class="product-grid-cell_regular-price"></span></div><span class="product-grid-cell_main-price select-text">$2.09</span><span class="product-grid-cell_hidden-price"></span></div><span class="product-grid-cell_size select-text" role="link" data-block-spinner="true" data-product-id="212424">12 oz bag</span><span data-block-spinner="true" data-product-id="212424"><span class="product-grid-cell_unit select-text"> | $0.17 / oz</span></span><div class="buy-more-save-more_cta-grid-container"></div><div class="add-to-cart"><div class="add-to-cart_button"><button class="button button--add-to-cart" data-product-id="212424" data-price="2.09" data-cart-log-location="BROWSE_AISLES" data-persisted-quantity="0" data-other-information="{&quot;catPath&quot;:&quot;1,2098,2275&quot;,&quot;sale&quot;:false,&quot;newArrival&quot;:false,&quot;sponsored&quot;:false,&quot;includeContentTrackingInfo&quot;:true}">Add to Cart</button></div><span class="element-invisible" aria-live="assertive"></span></div></div><div class="spyglass-container"></div></li><li role="region" tabindex="-1" aria-label="Dole Chopped Salad Kit Sunflower Crunch" class="product-cell product-grid-cell product-grid-cell--quad" data-id="57-&gt;211118" data-position="56"><div class="confirmation-wrapper confirmation-wrapper--hidden" id="confirmation-wrapper--211118"><div class="confirmation-whitewash"><div class="confirmation-dialog"><div class="confirmation-dialog_messages" tabindex="0"><h4 class="confirmation-dialog_message-headline">Remove This Item From Your Cart?</h4></div><div class="confirmation-dialog_action-container"><div class="confirmation-dialog_confirmation-button"><button class="button button--fourth" tabindex="0" data-product-id="211118" data-cart-log-location="BROWSE_AISLES" data-persisted-quantity="undefined" data-price="3.59">OK</button></div><div class="confirmation-dialog_cancel-button"><button class="button button--fourth" tabindex="0" data-product-id="211118">Cancel</button></div></div></div></div></div><div class="confirmation-wrapper" style="display: none;"><div class="confirmation-whitewash"></div></div><img src="./Produce_Packaged_Produce_Salads_files/WZIKA.jpg" alt="Dole Chopped Salad Kit Sunflower Crunch" class="product-grid-cell_main-image" data-block-spinner="true" data-product-id="211118"><div class="product-grid-cell_price-tag"><div class="product-grid-cell_name" role="link" tabindex="0" data-block-spinner="true" data-product-id="211118"><h3 class="product-grid-cell_name-text select-text">Dole Chopped Salad Kit Sunflower Crunch</h3></div><div class="product-grid-cell_price-container" role="link" data-block-spinner="true" data-product-id="211118"><div class="product-grid-cell_regular-price-container"><span class="product-grid-cell_was" aria-hidden="true"></span><span class="product-grid-cell_regular-price"></span></div><span class="product-grid-cell_main-price select-text">$3.59</span><span class="product-grid-cell_hidden-price"></span></div><span class="product-grid-cell_size select-text" role="link" data-block-spinner="true" data-product-id="211118">10.6 oz bag</span><span data-block-spinner="true" data-product-id="211118"><span class="product-grid-cell_unit select-text"> | $0.34 / oz</span></span><div class="buy-more-save-more_cta-grid-container"></div><div class="add-to-cart"><div class="add-to-cart_button"><button class="button button--add-to-cart" data-product-id="211118" data-price="3.59" data-cart-log-location="BROWSE_AISLES" data-persisted-quantity="0" data-other-information="{&quot;catPath&quot;:&quot;1,2098,2275&quot;,&quot;sale&quot;:false,&quot;newArrival&quot;:false,&quot;sponsored&quot;:false,&quot;includeContentTrackingInfo&quot;:true}">Add to Cart</button></div><span class="element-invisible" aria-live="assertive"></span></div></div><div class="spyglass-container"></div></li><li role="region" tabindex="-1" aria-label="Dole Fresh Chopped Salad Kit Caesar" class="product-cell product-grid-cell product-grid-cell--quad" data-id="58-&gt;224920" data-position="57"><div class="confirmation-wrapper confirmation-wrapper--hidden" id="confirmation-wrapper--224920"><div class="confirmation-whitewash"><div class="confirmation-dialog"><div class="confirmation-dialog_messages" tabindex="0"><h4 class="confirmation-dialog_message-headline">Remove This Item From Your Cart?</h4></div><div class="confirmation-dialog_action-container"><div class="confirmation-dialog_confirmation-button"><button class="button button--fourth" tabindex="0" data-product-id="224920" data-cart-log-location="BROWSE_AISLES" data-persisted-quantity="undefined" data-price="3.59">OK</button></div><div class="confirmation-dialog_cancel-button"><button class="button button--fourth" tabindex="0" data-product-id="224920">Cancel</button></div></div></div></div></div><div class="confirmation-wrapper" style="display: none;"><div class="confirmation-whitewash"></div></div><img src="./Produce_Packaged_Produce_Salads_files/BCHYF.jpg" alt="Dole Fresh Chopped Salad Kit Caesar" class="product-grid-cell_main-image" data-block-spinner="true" data-product-id="224920"><div class="product-grid-cell_price-tag"><div class="product-grid-cell_name" role="link" tabindex="0" data-block-spinner="true" data-product-id="224920"><h3 class="product-grid-cell_name-text select-text">Dole Fresh Chopped Salad Kit Caesar</h3></div><div class="product-grid-cell_price-container" role="link" data-block-spinner="true" data-product-id="224920"><div class="product-grid-cell_regular-price-container"><span class="product-grid-cell_was" aria-hidden="true"></span><span class="product-grid-cell_regular-price"></span></div><span class="product-grid-cell_main-price select-text">$3.59</span><span class="product-grid-cell_hidden-price"></span></div><span class="product-grid-cell_size select-text" role="link" data-block-spinner="true" data-product-id="224920">10.8 oz bag</span><span data-block-spinner="true" data-product-id="224920"><span class="product-grid-cell_unit select-text"> | $0.33 / oz</span></span><div class="buy-more-save-more_cta-grid-container"></div><div class="add-to-cart"><div class="add-to-cart_button"><button class="button button--add-to-cart" data-product-id="224920" data-price="3.59" data-cart-log-location="BROWSE_AISLES" data-persisted-quantity="0" data-other-information="{&quot;catPath&quot;:&quot;1,2098,2275&quot;,&quot;sale&quot;:false,&quot;newArrival&quot;:false,&quot;sponsored&quot;:false,&quot;includeContentTrackingInfo&quot;:true}">Add to Cart</button></div><span class="element-invisible" aria-live="assertive"></span></div></div><div class="spyglass-container"></div></li><li role="region" tabindex="-1" aria-label="Stop &amp; Shop Premium Salad Italian House Blend" class="product-cell product-grid-cell product-grid-cell--quad" data-id="59-&gt;118790" data-position="58"><div class="confirmation-wrapper confirmation-wrapper--hidden" id="confirmation-wrapper--118790"><div class="confirmation-whitewash"><div class="confirmation-dialog"><div class="confirmation-dialog_messages" tabindex="0"><h4 class="confirmation-dialog_message-headline">Remove This Item From Your Cart?</h4></div><div class="confirmation-dialog_action-container"><div class="confirmation-dialog_confirmation-button"><button class="button button--fourth" tabindex="0" data-product-id="118790" data-cart-log-location="BROWSE_AISLES" data-persisted-quantity="undefined" data-price="2.5">OK</button></div><div class="confirmation-dialog_cancel-button"><button class="button button--fourth" tabindex="0" data-product-id="118790">Cancel</button></div></div></div></div></div><div class="confirmation-wrapper" style="display: none;"><div class="confirmation-whitewash"></div></div><div class="item-detail_flag--outer-container"><div class="item-detail_flag--container"><div class="item-detail_flag--flag sale">Sale</div></div></div><img src="./Produce_Packaged_Produce_Salads_files/VW4J0.jpg" alt="Stop &amp; Shop Premium Salad Italian House Blend" class="product-grid-cell_main-image" data-block-spinner="true" data-product-id="118790"><div class="product-grid-cell_price-tag"><div class="product-grid-cell_name" role="link" tabindex="0" data-block-spinner="true" data-product-id="118790"><h3 class="product-grid-cell_name-text select-text"><span class="vector-icon_inline-text--left"><div class="vector-icon_outer-wrapper"><div class="vector-icon_container vector-icon-size--xsmall"><svg version="1.1" x="0px" y="0px" focusable="false" viewBox="0 0 945 1024" class="" role="presentation" aria-hidden="true"><title>Ahold Wedge Icon</title><desc>Ahold Icon</desc><path d="M1.893 730.617c-1.289-2.094-2.052-4.631-2.052-7.346 0-0.747 0.058-1.481 0.169-2.197 0.158-12.396 10.227-22.466 22.687-22.634l895.306-0c12.476 0.168 22.545 10.237 22.713 22.698-0.521 3.721-1.182 6.924-2.024 10.053l0.131-0.574c-86.363 175.072-263.598 293.385-468.466 293.385s-382.103-118.313-467.105-290.339l-1.361-3.046z" class="path1" fill="rgb(247, 168, 0)"></path><path d="M107.889 132.495c1.893-1.893 1.893-3.786 3.786-5.678 2.98-3.491 7.385-5.69 12.303-5.69s9.323 2.199 12.284 5.668l0.019 0.022 476.983 476.983c3.491 2.98 5.69 7.385 5.69 12.303s-2.199 9.323-5.668 12.284c-1.399 1.869-3.361 3.216-5.631 3.789l-0.069 0.015c-38.446 13.732-82.796 21.669-129.001 21.669-108.416 0-206.626-43.699-277.977-114.443-70.367-71.826-113.809-170.317-113.809-278.955 0-45.803 7.722-89.803 21.936-130.767l-0.845 2.8z" class="path2" fill="rgb(226, 35, 26)"></path><path d="M600.015 1.893c1.247-1.204 2.948-1.946 4.822-1.946 0.302 0 0.6 0.019 0.891 0.057 0.057-0.006 0.164-0.007 0.272-0.007 7.15 0 12.947 5.796 12.947 12.947 0 0.108-0.001 0.215-0.004 0.322l0-0.016v503.482c0.002 0.091 0.004 0.199 0.004 0.306 0 7.15-5.796 12.947-12.947 12.947-0.108 0-0.215-0.001-0.322-0.004-0.241 0.034-0.539 0.053-0.841 0.053-1.874 0-3.574-0.742-4.824-1.948l0.002 0.002c-98.273-48.542-164.673-148.065-164.673-263.098s66.401-214.556 162.964-262.333l1.709-0.765z" class="path3" fill="rgb(113, 33, 119)"></path><path d="M938.824 283.919c1.893 0 1.893 1.893 3.786 1.893 1.765 2.012 2.841 4.666 2.841 7.571s-1.077 5.559-2.853 7.584l0.011-0.013-268.776 266.884c-2.012 1.765-4.666 2.841-7.571 2.841s-5.559-1.077-7.584-2.853c-1.144-0.651-1.911-1.879-1.911-3.285 0-0.172 0.012-0.342 0.034-0.508l-0.002 0.019c-7.681-21.529-12.12-46.363-12.12-72.235 0-61.263 24.891-116.712 65.111-156.786 39.326-39.792 93.895-64.431 154.219-64.431 26.857 0 52.573 4.884 76.309 13.812l-1.494-0.493z" class="path4" fill="rgb(130, 188, 0)"></path></svg></div></div></span>Stop &amp; Shop Premium Salad Italian House Blend</h3></div><div class="product-grid-cell_price-container" role="link" data-block-spinner="true" data-product-id="118790"><div class="product-grid-cell_regular-price-container"><span class="product-grid-cell_was" aria-hidden="true"></span><span class="product-grid-cell_regular-price"></span></div><span class="product-grid-cell_main-price select-text product-grid-cell_main-price--on-sale">$2.50</span><span class="product-grid-cell_hidden-price"></span></div><span class="product-grid-cell_size select-text" role="link" data-block-spinner="true" data-product-id="118790">8 oz bag</span><span data-block-spinner="true" data-product-id="118790"><span class="product-grid-cell_unit select-text"> | $0.31 / oz</span></span><div class="buy-more-save-more_cta-grid-container"></div><div class="add-to-cart"><div class="add-to-cart_button"><button class="button button--add-to-cart" data-product-id="118790" data-price="2.5" data-cart-log-location="BROWSE_AISLES" data-persisted-quantity="0" data-other-information="{&quot;catPath&quot;:&quot;1,2098,2275&quot;,&quot;sale&quot;:true,&quot;newArrival&quot;:false,&quot;sponsored&quot;:false,&quot;includeContentTrackingInfo&quot;:true}">Add to Cart</button></div><span class="element-invisible" aria-live="assertive"></span></div></div><div class="spyglass-container"></div></li><li role="region" tabindex="-1" aria-label="Stop &amp; Shop Fresh Vegetables Tomatoes Diced" class="product-cell product-grid-cell product-grid-cell--quad" data-id="60-&gt;216306" data-position="59"><div class="confirmation-wrapper confirmation-wrapper--hidden" id="confirmation-wrapper--216306"><div class="confirmation-whitewash"><div class="confirmation-dialog"><div class="confirmation-dialog_messages" tabindex="0"><h4 class="confirmation-dialog_message-headline">Remove This Item From Your Cart?</h4></div><div class="confirmation-dialog_action-container"><div class="confirmation-dialog_confirmation-button"><button class="button button--fourth" tabindex="0" data-product-id="216306" data-cart-log-location="BROWSE_AISLES" data-persisted-quantity="undefined" data-price="2.99">OK</button></div><div class="confirmation-dialog_cancel-button"><button class="button button--fourth" tabindex="0" data-product-id="216306">Cancel</button></div></div></div></div></div><div class="confirmation-wrapper" style="display: none;"><div class="confirmation-whitewash"></div></div><div class="vector-icon_absolute--left vector-icon_absolute--top buy-more-save-more_sticker-outer-container" aria-label="buy more save more" tabindex="0" role="link" data-pod-group="1184772" data-block-spinner="true"><span class="vector-icon_inline-text--left buy-more-save-more_link buy-more-save-more_view-deal-sticker"><div class="vector-icon_outer-wrapper"><div class="vector-icon_container vector-icon-size--xxlarge"><svg version="1.1" x="0px" y="0px" focusable="false" viewBox="0 0 1022 1024" class="vector-icon-color--bmsm" role="presentation" aria-hidden="true"><title>view deal icon</title><desc>vew deal icon</desc><path d="M882.478 520.133c0 179.904-164.594 325.744-367.631 325.744s-367.631-145.841-367.631-325.744c0-179.904 164.594-325.744 367.631-325.744s367.631 145.841 367.631 325.744z" class="path1" fill="rgb(255, 255, 255)"></path><path d="M1004.073 382.272c-40.667-15.047-79.708-29.687-119.968-44.734 14.64-40.667 28.467-80.114 43.107-122.002-44.734 0-86.621 0.407-130.135 0.407-1.627-43.514-2.847-84.994-4.473-129.728-41.074 14.64-80.114 28.874-121.188 43.514-16.674-37.414-33.347-74.421-50.834-113.461-33.347 28.060-64.661 54.901-96.788 82.148-30.094-29.28-59.374-58.154-89.468-87.841-19.52 38.634-37.82 74.421-56.934 111.835-39.041-17.080-76.454-33.754-115.902-51.241-4.88 44.734-9.76 87.028-14.234 129.728-42.701-2.847-83.774-5.287-127.695-7.727 12.2 42.294 23.18 82.554 34.974 124.035-40.667 13.827-79.301 27.247-120.375 41.074 25.62 34.974 50.427 68.321 75.641 102.888-33.347 28.060-65.881 55.307-100.041 83.774 37.82 22.774 73.608 43.921 108.988 65.068-20.334 37.82-40.261 74.421-61.001 112.241 42.701 8.947 84.994 17.894 128.102 26.84-7.32 42.701-14.234 82.554-21.147 124.442 45.141-7.32 85.808-14.234 128.508-21.147 8.947 42.294 17.080 82.148 25.62 124.442 38.634-23.994 74.828-46.767 111.835-69.541 24.807 36.6 47.987 71.168 72.794 107.768 25.62-34.974 50.021-67.914 75.234-101.668 36.194 23.587 70.761 46.361 107.768 70.761 11.387-41.887 22.367-82.148 32.94-122.408 43.921 10.98 84.994 21.147 129.322 32.127-4.473-44.734-8.54-85.808-12.607-128.508 41.074-5.693 81.741-10.98 124.848-17.080-16.267-33.754-30.094-65.474-46.361-95.568-9.353-17.487-8.54-26.84 11.387-35.787 30.094-13.42 58.561-30.5 89.061-46.767-31.72-31.314-61.814-60.187-92.315-90.281 27.247-32.94 53.274-64.254 81.334-97.601z" class="path2" fill="rgb(0, 0, 0)"></path><path d="M286.704 537.214l-85.808-114.275 30.907-8.54 63.441 88.248 7.727-108.581 30.907-8.54-13.014 142.335-34.16 9.353z" class="path3" fill="rgb(255, 255, 255)"></path><path d="M396.912 506.307l-36.194-128.102 27.247-7.727 36.194 128.102-27.247 7.727z" class="path4" fill="rgb(255, 255, 255)"></path><path d="M464.013 487.193l-36.194-128.102 90.688-25.62 6.913 23.994-63.441 17.894 7.727 26.84 62.221-17.487 6.913 23.994-62.221 17.487 8.133 29.28 63.441-17.894 6.913 23.994-91.095 25.62z" class="path5" fill="rgb(255, 255, 255)"></path><path d="M688.496 423.752l-47.174-81.741 2.44 94.348-28.874 8.133-72.794-117.935 30.5-8.54 48.801 86.214-2.033-99.228 21.147-6.1 50.427 85.808-3.66-99.228 30.5-8.54-0.407 138.675-28.874 8.133z" class="path6" fill="rgb(255, 255, 255)"></path><path d="M297.684 713.709l-36.194-128.102 50.427-14.234c40.261-11.387 75.234 6.507 86.214 44.734 10.98 39.041-9.76 71.981-49.614 83.368l-50.834 14.234zM370.478 623.835c-6.507-22.367-25.214-36.194-51.241-28.874l-23.587 6.507 22.774 80.114 23.18-6.507c25.214-6.507 34.974-29.28 28.874-51.241z" class="path7" fill="rgb(255, 255, 255)"></path><path d="M450.186 670.602l-36.194-128.102 90.688-25.62 6.913 23.994-63.441 17.894 7.727 26.84 62.221-17.487 6.913 23.994-62.221 17.487 8.133 29.28 63.441-17.894 6.913 23.994-91.095 25.62z" class="path8" fill="rgb(255, 255, 255)"></path><path d="M665.315 610.008l-14.234-19.52-54.901 15.454-2.033 23.994-30.907 8.54 13.014-142.335 34.16-9.76 85.808 114.275-30.907 9.353zM601.468 518.913l-4.473 61.001 39.854-11.387-35.38-49.614z" class="path9" fill="rgb(255, 255, 255)"></path><path d="M721.843 594.148l-36.194-128.102 27.654-7.727 29.28 104.108 54.087-15.454 6.913 23.994-81.741 23.18z" class="path10" fill="rgb(255, 255, 255)"></path></svg></div></div><span class="element-invisible">View items in deal</span></span></div><img src="./Produce_Packaged_Produce_Salads_files/E8B66.jpg" alt="Stop &amp; Shop Fresh Vegetables Tomatoes Diced" class="product-grid-cell_main-image" data-block-spinner="true" data-product-id="216306"><div class="product-grid-cell_price-tag overlay--open" tabindex="0" aria-hidden="false"><div class="product-grid-cell_name" role="link" tabindex="0" data-block-spinner="true" data-product-id="216306"><h3 class="product-grid-cell_name-text select-text"><span class="vector-icon_inline-text--left"><div class="vector-icon_outer-wrapper"><div class="vector-icon_container vector-icon-size--xsmall"><svg version="1.1" x="0px" y="0px" focusable="false" viewBox="0 0 945 1024" class="" role="presentation" aria-hidden="true"><title>Ahold Wedge Icon</title><desc>Ahold Icon</desc><path d="M1.893 730.617c-1.289-2.094-2.052-4.631-2.052-7.346 0-0.747 0.058-1.481 0.169-2.197 0.158-12.396 10.227-22.466 22.687-22.634l895.306-0c12.476 0.168 22.545 10.237 22.713 22.698-0.521 3.721-1.182 6.924-2.024 10.053l0.131-0.574c-86.363 175.072-263.598 293.385-468.466 293.385s-382.103-118.313-467.105-290.339l-1.361-3.046z" class="path1" fill="rgb(247, 168, 0)"></path><path d="M107.889 132.495c1.893-1.893 1.893-3.786 3.786-5.678 2.98-3.491 7.385-5.69 12.303-5.69s9.323 2.199 12.284 5.668l0.019 0.022 476.983 476.983c3.491 2.98 5.69 7.385 5.69 12.303s-2.199 9.323-5.668 12.284c-1.399 1.869-3.361 3.216-5.631 3.789l-0.069 0.015c-38.446 13.732-82.796 21.669-129.001 21.669-108.416 0-206.626-43.699-277.977-114.443-70.367-71.826-113.809-170.317-113.809-278.955 0-45.803 7.722-89.803 21.936-130.767l-0.845 2.8z" class="path2" fill="rgb(226, 35, 26)"></path><path d="M600.015 1.893c1.247-1.204 2.948-1.946 4.822-1.946 0.302 0 0.6 0.019 0.891 0.057 0.057-0.006 0.164-0.007 0.272-0.007 7.15 0 12.947 5.796 12.947 12.947 0 0.108-0.001 0.215-0.004 0.322l0-0.016v503.482c0.002 0.091 0.004 0.199 0.004 0.306 0 7.15-5.796 12.947-12.947 12.947-0.108 0-0.215-0.001-0.322-0.004-0.241 0.034-0.539 0.053-0.841 0.053-1.874 0-3.574-0.742-4.824-1.948l0.002 0.002c-98.273-48.542-164.673-148.065-164.673-263.098s66.401-214.556 162.964-262.333l1.709-0.765z" class="path3" fill="rgb(113, 33, 119)"></path><path d="M938.824 283.919c1.893 0 1.893 1.893 3.786 1.893 1.765 2.012 2.841 4.666 2.841 7.571s-1.077 5.559-2.853 7.584l0.011-0.013-268.776 266.884c-2.012 1.765-4.666 2.841-7.571 2.841s-5.559-1.077-7.584-2.853c-1.144-0.651-1.911-1.879-1.911-3.285 0-0.172 0.012-0.342 0.034-0.508l-0.002 0.019c-7.681-21.529-12.12-46.363-12.12-72.235 0-61.263 24.891-116.712 65.111-156.786 39.326-39.792 93.895-64.431 154.219-64.431 26.857 0 52.573 4.884 76.309 13.812l-1.494-0.493z" class="path4" fill="rgb(130, 188, 0)"></path></svg></div></div></span>Stop &amp; Shop Fresh Vegetables Tomatoes Diced</h3></div><div class="product-grid-cell_price-container" role="link" data-block-spinner="true" data-product-id="216306"><div class="product-grid-cell_regular-price-container"><span class="product-grid-cell_was" aria-hidden="true"></span><span class="product-grid-cell_regular-price"></span></div><span class="product-grid-cell_main-price select-text">$2.99</span><span class="product-grid-cell_hidden-price"></span></div><span class="product-grid-cell_size select-text" role="link" data-block-spinner="true" data-product-id="216306">8 oz tub</span><span data-block-spinner="true" data-product-id="216306"><span class="product-grid-cell_unit select-text"> | $0.37 / oz</span></span><div class="buy-more-save-more_cta-grid-container" aria-label="Buy 2, $0.50 off ea" tabindex="0" role="link" data-pod-group="1184772" data-block-spinner="true"><span class="buy-more-save-more_cta buy-more-save-more_link">Buy 2, $0.50 off ea<span aria-hidden="true"></span></span></div><div class="add-to-cart"><div class="add-to-cart_button"><button class="button button--add-to-cart" data-product-id="216306" data-price="2.99" data-cart-log-location="BROWSE_AISLES" data-persisted-quantity="0" data-other-information="{&quot;catPath&quot;:&quot;1,2098,2275&quot;,&quot;sale&quot;:false,&quot;newArrival&quot;:false,&quot;sponsored&quot;:false,&quot;includeContentTrackingInfo&quot;:true}">Add to Cart</button></div><span class="element-invisible" aria-live="assertive"></span></div></div><div class="product-grid-cell_bulk-buy-container overlay--closed" tabindex="-1" aria-hidden="true"><bulk-buy-scroller other-information="otherInformation" on-close="onCloseBMSMOverlay()" product="product" cart-log-location="cartLogLocation" options="options" product-id="product.prodId"><!----><div ng-class="{&#39;bulk-buy-scroller_container--vertical&#39;: $ctrl.options.bulkBuyVerticalStyle}" class="bulk-buy-scroller_container bulk-buy-scroller_container--vertical" ng-if="$ctrl.shouldShowBulkBuy()"><!----><div class="bulk-buy-scroller_header-container" ng-if="$ctrl.isSIMQ() || (!$ctrl.isSIMQ() &amp;&amp; $ctrl.isShelf()) "><!----><h4 id="bulk-buy-scroller_heading--216306" class="bulk-buy-scroller_heading text-center" ng-class="{
            &#39;bulk-buy-scroller_heading--reverse&#39;: $ctrl.options.bulkBuyReverseStyle,
            &#39;text-center&#39;: $ctrl.isShelf()
        }">Buy More Save More</h4><!----><button ng-if="($ctrl.options.bulkBuyReverseStyle || $ctrl.options.bulkBuyVerticalStyle)" ng-click="$ctrl.close()" ng-class="{
            &#39;bulk-buy-scroller_close-button--reverse&#39;: $ctrl.options.bulkBuyReverseStyle,
            &#39;bulk-buy-scroller_close-button--vertical&#39;: $ctrl.options.bulkBuyVerticalStyle,
            &#39;button--white-no-border&#39;: $ctrl.state.currentQuantity === 0,
            &#39;button--lightest-grey&#39;: $ctrl.state.currentQuantity &gt; 0
            }" class="button bulk-buy-scroller_close-button bulk-buy-scroller_close-button--vertical button--white-no-border" aria-label="Close Promotion Options" tabindex="0"><div class="vector-icon_outer-wrapper" svg-id="icon_close" svg-class="vector-icon-color--dark-grey" container-class="vector-icon-size--xxsmall" svg-title="Close Icon" svg-description="X Icon" svg-role="presentation" svg-aria-hidden="true"><div class="vector-icon_container vector-icon-size--xxsmall"><svg version="1.1" x="0px" y="0px" focusable="false" viewBox="0 0 1024 1024" class="vector-icon-color--dark-grey" role="presentation" aria-hidden="true"><title>Close Icon</title><desc>X Icon</desc><path d="M20.685 1003.315c27.546 27.546 72.397 27.546 99.942 0l391.373-391.373 391.373 391.373c27.546 27.546 72.397 27.546 99.942 0s27.546-72.397 0-99.942l-391.373-391.373 391.373-391.373c27.546-27.546 27.546-72.397 0-99.942s-72.397-27.546-99.942 0l-391.373 391.373-391.373-391.373c-27.546-27.546-72.397-27.546-99.942 0s-27.546 72.397 0 99.942l391.373 391.373-391.373 391.373c-27.597 27.546-27.597 72.397 0 99.942z" class="path1"></path></svg></div></div></button><!----></div><!----><!----><div class="bulk-buy-scroller_mix-match-container bulk-buy-scroller_mix-match-container--vertical" ng-if="!$ctrl.isSIMQ() &amp;&amp; $ctrl.isShelf()" ng-class="{
            &#39;bulk-buy-scroller_mix-match-container--reverse&#39;: $ctrl.options.bulkBuyReverseStyle,
            &#39;bulk-buy-scroller_mix-match-container--vertical&#39;: $ctrl.options.bulkBuyVerticalStyle,
            &#39;bulk-buy-scroller_mix-match-container--normal&#39;: $ctrl.options.bulkBuyNormalStyle
        }"><button class="button bulk-buy-scroller_mix-match-button" ng-click="$ctrl.openProductGroup()" tabindex="0"><span class="bulk-buy-scroller_button-headline">Buy 2, $0.50 off ea</span> <span class="bulk-buy-scroller_button-cta">Mix &amp; Match Options </span></button></div><!----><!----><!----></div><!----></bulk-buy-scroller><div class="add-to-cart"><div class="add-to-cart_button"><button class="button button--add-to-cart" data-product-id="216306" data-price="2.99" data-cart-log-location="BROWSE_AISLES" data-persisted-quantity="0" data-other-information="{&quot;catPath&quot;:&quot;1,2098,2275&quot;,&quot;sale&quot;:false,&quot;newArrival&quot;:false,&quot;sponsored&quot;:false,&quot;includeContentTrackingInfo&quot;:true}">Add to Cart</button></div><span class="element-invisible" aria-live="assertive"></span></div></div><div class="spyglass-container"></div></li><li role="region" tabindex="-1" aria-label="Simply Spuds Steamables Potatoes Red Microwave Ready Bag" class="product-cell product-grid-cell product-grid-cell--quad" data-id="61-&gt;167312" data-position="60"><div class="confirmation-wrapper confirmation-wrapper--hidden" id="confirmation-wrapper--167312"><div class="confirmation-whitewash"><div class="confirmation-dialog"><div class="confirmation-dialog_messages" tabindex="0"><h4 class="confirmation-dialog_message-headline">Remove This Item From Your Cart?</h4></div><div class="confirmation-dialog_action-container"><div class="confirmation-dialog_confirmation-button"><button class="button button--fourth" tabindex="0" data-product-id="167312" data-cart-log-location="BROWSE_AISLES" data-persisted-quantity="undefined" data-price="2.99">OK</button></div><div class="confirmation-dialog_cancel-button"><button class="button button--fourth" tabindex="0" data-product-id="167312">Cancel</button></div></div></div></div></div><div class="confirmation-wrapper" style="display: none;"><div class="confirmation-whitewash"></div></div><img src="./Produce_Packaged_Produce_Salads_files/VBFBL.jpg" alt="Simply Spuds Steamables Potatoes Red Microwave Ready Bag" class="product-grid-cell_main-image" data-block-spinner="true" data-product-id="167312"><div class="product-grid-cell_price-tag"><div class="product-grid-cell_name" role="link" tabindex="0" data-block-spinner="true" data-product-id="167312"><h3 class="product-grid-cell_name-text select-text">Simply Spuds Steamables Potatoes Red Microwave Ready Bag</h3></div><div class="product-grid-cell_price-container" role="link" data-block-spinner="true" data-product-id="167312"><div class="product-grid-cell_regular-price-container"><span class="product-grid-cell_was" aria-hidden="true"></span><span class="product-grid-cell_regular-price"></span></div><span class="product-grid-cell_main-price select-text">$2.99</span><span class="product-grid-cell_hidden-price"></span></div><span class="product-grid-cell_size select-text" role="link" data-block-spinner="true" data-product-id="167312">24 oz bag</span><span data-block-spinner="true" data-product-id="167312"><span class="product-grid-cell_unit select-text"> | $0.12 / oz</span></span><div class="buy-more-save-more_cta-grid-container"></div><div class="add-to-cart"><div class="add-to-cart_button"><button class="button button--add-to-cart" data-product-id="167312" data-price="2.99" data-cart-log-location="BROWSE_AISLES" data-persisted-quantity="0" data-other-information="{&quot;catPath&quot;:&quot;1,2098,2275&quot;,&quot;sale&quot;:false,&quot;newArrival&quot;:false,&quot;sponsored&quot;:false,&quot;includeContentTrackingInfo&quot;:true}">Add to Cart</button></div><span class="element-invisible" aria-live="assertive"></span></div></div><div class="spyglass-container"></div></li><li><div collection-interweave-item="interwovenContent"><div generic-content-interweave-datasource="" data="interwovenContent.content.content" region="browse_aisles_shelf_content" class=""><div generic-content-region="" region="browse_aisles_shelf_content" interwoven="true"><div><div ng-class="methods.classForRegionSize(regionSize, ! content.model.contentData[ interwovenContent.content.region ], methods.contentLayouts(content.model.contentData[ interwovenContent.content.region ], regionSize).layout.length )" width-variable="regionSize" width-values="widthBreakpoints.defaultBreakpoints" class="generic-content_region-contents--medium"><!----><div ng-class="methods.classForContentItem(contentItem, $last, $first)" ng-repeat="contentItem in methods.contentLayouts(content.model.contentData[ interwovenContent.content.region ], regionSize).layout" class="generic-content_content-item--half-width generic-content_content-item--alpha"><div class="generic-content_renderer" generic-content-renderer="contentItem"><div class="generic-content_renderer-contents" ng-class="{&#39;generic-content_renderer-contents--loading&#39; : state.preloading}" style=""><div ng-switch="" on="contentItem.model[contentItem.renderSize].button.type" ng-class="{ &#39;interweaved-content_trailer interweaved-content_leader&#39;: interwoven }" content-interaction-tracker="" content-module-id="contentItem.data.key" class="interweaved-content_trailer interweaved-content_leader"><!----> <!----><a class="content-tile_container" content-compile="" ng-switch-when="external" href="http://peapod.extole.com/micro/microsite?e=&amp;f=&amp;l=" target="_blank"><div class="content-tile_image-container"><img class="content-tile_image" generic-content-image-preload="" img-id="2213280:ONM1O.jpg" alt="grill " src="./Produce_Packaged_Produce_Salads_files/ONM1O.jpg"></div><div class="content-tile_copy-container select-text"><div class="content-tile_button"><span class="content-tile_headline" content-compile="contentItem.model[contentItem.renderSize].headline" compile-vars=""><span>Give $50, Get $25</span></span> <span class="content-tile_body" content-compile="contentItem.model[contentItem.renderSize].body" compile-vars=""><span>Refer-A-Friend</span></span> <span class="vector-icon_list-arrow-wrapper"><div class="vector-icon_outer-wrapper" svg-id="arrow_carrot-right" svg-class="vector-icon-color--dark-grey" container-class="vector-icon-size--arrow" svg-title="Arrow Icon" svg-description="Icon of arrow" svg-role="presentation" svg-aria-hidden="true"><div class="vector-icon_container vector-icon-size--arrow"><svg version="1.1" x="0px" y="0px" focusable="false" viewBox="0 0 580 1024" class="vector-icon-color--dark-grey" role="presentation" aria-hidden="true"><title>Arrow Icon</title><desc>Icon of arrow</desc><path d="M20.033 1003.967c26.665 26.665 70.012 26.665 96.677 0l443.458-443.458c13.401-13.401 20.101-31.041 19.964-48.544 0-17.64-6.564-35.143-19.964-48.544l-443.458-443.389c-26.665-26.665-70.012-26.665-96.677 0s-26.665 70.012 0 96.677l395.324 395.324-395.324 395.324c-26.665 26.665-26.665 70.012-0 96.609z" class="path1"></path></svg></div></div></span></div></div></a><!----> <!----> <!----><!----></div></div><div class="generic-content_renderer-animation-container animation-fade ng-hide" ng-hide="!state.preloading" style=""><div width-variable="contentSize" width-observer="contentMethods.contentWidthObserver" width-values="widthBreakpoints.defaultBreakpoints" class="generic-content_renderer-animation generic-content_placeholder--light-grey generic-content_placeholder content-tile_placeholder generic-content_placeholder--light-grey--xsmall generic-content_placeholder--xsmall content-tile_placeholder--xsmall"></div></div></div></div><!----><div ng-class="methods.classForContentItem(contentItem, $last, $first)" ng-repeat="contentItem in methods.contentLayouts(content.model.contentData[ interwovenContent.content.region ], regionSize).layout" class="generic-content_content-item--half-width generic-content_content-item--omega"><div class="generic-content_renderer" generic-content-renderer="contentItem"><div class="generic-content_renderer-contents" ng-class="{&#39;generic-content_renderer-contents--loading&#39; : state.preloading}" style=""><div ng-switch="" on="contentItem.model[contentItem.renderSize].button.type" ng-class="{ &#39;interweaved-content_trailer interweaved-content_leader&#39;: interwoven }" content-interaction-tracker="" content-module-id="contentItem.data.key" class="interweaved-content_trailer interweaved-content_leader"><!----><a class="content-tile_container" content-compile="" ng-switch-when="internal" ng-click="go(compileVars(contentItem.model[contentItem.renderSize].button.link), contentItem.data.key)" is-route-change="true" href="https://www.peapod.com/" loading="true" block="true" tabindex="0"><div class="content-tile_image-container"><img class="content-tile_image" generic-content-image-preload="" img-id="2603723:SAD9L.jpg" alt="Hefty Everyday Plates, Hefty Party Cups" src="./Produce_Packaged_Produce_Salads_files/SAD9L.jpg"></div><div class="content-tile_copy-container select-text"><div class="content-tile_button"><span class="content-tile_headline" content-compile="contentItem.model[contentItem.renderSize].headline" compile-vars=""><span>Buy 2, Save $1</span></span> <span class="content-tile_body" content-compile="contentItem.model[contentItem.renderSize].body" compile-vars=""></span> <span class="vector-icon_list-arrow-wrapper"><div class="vector-icon_outer-wrapper" svg-id="arrow_carrot-right" svg-class="vector-icon-color--dark-grey" container-class="vector-icon-size--arrow" svg-title="Arrow Icon" svg-description="Icon of arrow" svg-role="presentation" svg-aria-hidden="true"><div class="vector-icon_container vector-icon-size--arrow"><svg version="1.1" x="0px" y="0px" focusable="false" viewBox="0 0 580 1024" class="vector-icon-color--dark-grey" role="presentation" aria-hidden="true"><title>Arrow Icon</title><desc>Icon of arrow</desc><path d="M20.033 1003.967c26.665 26.665 70.012 26.665 96.677 0l443.458-443.458c13.401-13.401 20.101-31.041 19.964-48.544 0-17.64-6.564-35.143-19.964-48.544l-443.458-443.389c-26.665-26.665-70.012-26.665-96.677 0s-26.665 70.012 0 96.677l395.324 395.324-395.324 395.324c-26.665 26.665-26.665 70.012-0 96.609z" class="path1"></path></svg></div></div></span></div></div></a><!----> <!----> <!----> <!----><!----></div></div><div class="generic-content_renderer-animation-container animation-fade ng-hide" ng-hide="!state.preloading" style=""><div width-variable="contentSize" width-observer="contentMethods.contentWidthObserver" width-values="widthBreakpoints.defaultBreakpoints" class="generic-content_renderer-animation generic-content_placeholder--light-grey generic-content_placeholder content-tile_placeholder generic-content_placeholder--light-grey--xsmall generic-content_placeholder--xsmall content-tile_placeholder--xsmall"></div></div></div></div><!----></div></div></div></div></div></li><li role="region" tabindex="-1" aria-label="Dole Chopped Salad Kit Chipotle &amp; Cheddar" class="product-cell product-grid-cell product-grid-cell--quad" data-id="63-&gt;200071" data-position="61"><div class="confirmation-wrapper confirmation-wrapper--hidden" id="confirmation-wrapper--200071"><div class="confirmation-whitewash"><div class="confirmation-dialog"><div class="confirmation-dialog_messages" tabindex="0"><h4 class="confirmation-dialog_message-headline">Remove This Item From Your Cart?</h4></div><div class="confirmation-dialog_action-container"><div class="confirmation-dialog_confirmation-button"><button class="button button--fourth" tabindex="0" data-product-id="200071" data-cart-log-location="BROWSE_AISLES" data-persisted-quantity="undefined" data-price="3.59">OK</button></div><div class="confirmation-dialog_cancel-button"><button class="button button--fourth" tabindex="0" data-product-id="200071">Cancel</button></div></div></div></div></div><div class="confirmation-wrapper" style="display: none;"><div class="confirmation-whitewash"></div></div><img src="./Produce_Packaged_Produce_Salads_files/12KUM.jpg" alt="Dole Chopped Salad Kit Chipotle &amp; Cheddar" class="product-grid-cell_main-image" data-block-spinner="true" data-product-id="200071"><div class="product-grid-cell_price-tag"><div class="product-grid-cell_name" role="link" tabindex="0" data-block-spinner="true" data-product-id="200071"><h3 class="product-grid-cell_name-text select-text">Dole Chopped Salad Kit Chipotle &amp; Cheddar</h3></div><div class="product-grid-cell_price-container" role="link" data-block-spinner="true" data-product-id="200071"><div class="product-grid-cell_regular-price-container"><span class="product-grid-cell_was" aria-hidden="true"></span><span class="product-grid-cell_regular-price"></span></div><span class="product-grid-cell_main-price select-text">$3.59</span><span class="product-grid-cell_hidden-price"></span></div><span class="product-grid-cell_size select-text" role="link" data-block-spinner="true" data-product-id="200071">12.9 oz bag</span><span data-block-spinner="true" data-product-id="200071"><span class="product-grid-cell_unit select-text"> | $0.28 / oz</span></span><div class="buy-more-save-more_cta-grid-container"></div><div class="add-to-cart"><div class="add-to-cart_button"><button class="button button--add-to-cart" data-product-id="200071" data-price="3.59" data-cart-log-location="BROWSE_AISLES" data-persisted-quantity="0" data-other-information="{&quot;catPath&quot;:&quot;1,2098,2275&quot;,&quot;sale&quot;:false,&quot;newArrival&quot;:false,&quot;sponsored&quot;:false,&quot;includeContentTrackingInfo&quot;:true}">Add to Cart</button></div><span class="element-invisible" aria-live="assertive"></span></div></div><div class="spyglass-container"></div></li><li role="region" tabindex="-1" aria-label="Mann&#39;s Sugar Snap Peas Stringless" class="product-cell product-grid-cell product-grid-cell--quad" data-id="64-&gt;184819" data-position="62"><div class="confirmation-wrapper confirmation-wrapper--hidden" id="confirmation-wrapper--184819"><div class="confirmation-whitewash"><div class="confirmation-dialog"><div class="confirmation-dialog_messages" tabindex="0"><h4 class="confirmation-dialog_message-headline">Remove This Item From Your Cart?</h4></div><div class="confirmation-dialog_action-container"><div class="confirmation-dialog_confirmation-button"><button class="button button--fourth" tabindex="0" data-product-id="184819" data-cart-log-location="BROWSE_AISLES" data-persisted-quantity="undefined" data-price="5.99">OK</button></div><div class="confirmation-dialog_cancel-button"><button class="button button--fourth" tabindex="0" data-product-id="184819">Cancel</button></div></div></div></div></div><div class="confirmation-wrapper" style="display: none;"><div class="confirmation-whitewash"></div></div><img src="./Produce_Packaged_Produce_Salads_files/3YFRA.jpg" alt="Mann&#39;s Sugar Snap Peas Stringless" class="product-grid-cell_main-image" data-block-spinner="true" data-product-id="184819"><div class="product-grid-cell_price-tag"><div class="product-grid-cell_name" role="link" tabindex="0" data-block-spinner="true" data-product-id="184819"><h3 class="product-grid-cell_name-text select-text">Mann's Sugar Snap Peas Stringless</h3></div><div class="product-grid-cell_price-container" role="link" data-block-spinner="true" data-product-id="184819"><div class="product-grid-cell_regular-price-container"><span class="product-grid-cell_was" aria-hidden="true"></span><span class="product-grid-cell_regular-price"></span></div><span class="product-grid-cell_main-price select-text">$5.99</span><span class="product-grid-cell_hidden-price"></span></div><span class="product-grid-cell_size select-text" role="link" data-block-spinner="true" data-product-id="184819">15 oz bag</span><span data-block-spinner="true" data-product-id="184819"><span class="product-grid-cell_unit select-text"> | $0.40 / oz</span></span><div class="buy-more-save-more_cta-grid-container"></div><div class="add-to-cart"><div class="add-to-cart_button"><button class="button button--add-to-cart" data-product-id="184819" data-price="5.99" data-cart-log-location="BROWSE_AISLES" data-persisted-quantity="0" data-other-information="{&quot;catPath&quot;:&quot;1,2098,2275&quot;,&quot;sale&quot;:false,&quot;newArrival&quot;:false,&quot;sponsored&quot;:false,&quot;includeContentTrackingInfo&quot;:true}">Add to Cart</button></div><span class="element-invisible" aria-live="assertive"></span></div></div><div class="spyglass-container"></div></li><li role="region" tabindex="-1" aria-label="Love Beets Beets Cooked" class="product-cell product-grid-cell product-grid-cell--quad" data-id="65-&gt;197193" data-position="63"><div class="confirmation-wrapper confirmation-wrapper--hidden" id="confirmation-wrapper--197193"><div class="confirmation-whitewash"><div class="confirmation-dialog"><div class="confirmation-dialog_messages" tabindex="0"><h4 class="confirmation-dialog_message-headline">Remove This Item From Your Cart?</h4></div><div class="confirmation-dialog_action-container"><div class="confirmation-dialog_confirmation-button"><button class="button button--fourth" tabindex="0" data-product-id="197193" data-cart-log-location="BROWSE_AISLES" data-persisted-quantity="undefined" data-price="2.99">OK</button></div><div class="confirmation-dialog_cancel-button"><button class="button button--fourth" tabindex="0" data-product-id="197193">Cancel</button></div></div></div></div></div><div class="confirmation-wrapper" style="display: none;"><div class="confirmation-whitewash"></div></div><img src="./Produce_Packaged_Produce_Salads_files/5TL81.jpg" alt="Love Beets Beets Cooked" class="product-grid-cell_main-image" data-block-spinner="true" data-product-id="197193"><div class="product-grid-cell_price-tag"><div class="product-grid-cell_name" role="link" tabindex="0" data-block-spinner="true" data-product-id="197193"><h3 class="product-grid-cell_name-text select-text">Love Beets Beets Cooked</h3></div><div class="product-grid-cell_price-container" role="link" data-block-spinner="true" data-product-id="197193"><div class="product-grid-cell_regular-price-container"><span class="product-grid-cell_was" aria-hidden="true"></span><span class="product-grid-cell_regular-price"></span></div><span class="product-grid-cell_main-price select-text">$2.99</span><span class="product-grid-cell_hidden-price"></span></div><span class="product-grid-cell_size select-text" role="link" data-block-spinner="true" data-product-id="197193">8.8 oz pkg</span><span data-block-spinner="true" data-product-id="197193"><span class="product-grid-cell_unit select-text"> | $0.34 / oz</span></span><div class="buy-more-save-more_cta-grid-container"></div><div class="add-to-cart"><div class="add-to-cart_button"><button class="button button--add-to-cart" data-product-id="197193" data-price="2.99" data-cart-log-location="BROWSE_AISLES" data-persisted-quantity="0" data-other-information="{&quot;catPath&quot;:&quot;1,2098,2275&quot;,&quot;sale&quot;:false,&quot;newArrival&quot;:false,&quot;sponsored&quot;:false,&quot;includeContentTrackingInfo&quot;:true}">Add to Cart</button></div><span class="element-invisible" aria-live="assertive"></span></div></div><div class="spyglass-container"></div></li><li role="region" tabindex="-1" aria-label="Del Monte Fruit Naturals Cherry Mixed Fruit in Extra Light Syrup" class="product-cell product-grid-cell product-grid-cell--quad" data-id="66-&gt;143525" data-position="64"><div class="confirmation-wrapper confirmation-wrapper--hidden" id="confirmation-wrapper--143525"><div class="confirmation-whitewash"><div class="confirmation-dialog"><div class="confirmation-dialog_messages" tabindex="0"><h4 class="confirmation-dialog_message-headline">Remove This Item From Your Cart?</h4></div><div class="confirmation-dialog_action-container"><div class="confirmation-dialog_confirmation-button"><button class="button button--fourth" tabindex="0" data-product-id="143525" data-cart-log-location="BROWSE_AISLES" data-persisted-quantity="undefined" data-price="1.5">OK</button></div><div class="confirmation-dialog_cancel-button"><button class="button button--fourth" tabindex="0" data-product-id="143525">Cancel</button></div></div></div></div></div><div class="confirmation-wrapper" style="display: none;"><div class="confirmation-whitewash"></div></div><img src="./Produce_Packaged_Produce_Salads_files/9B38S.jpg" alt="Del Monte Fruit Naturals Cherry Mixed Fruit in Extra Light Syrup" class="product-grid-cell_main-image" data-block-spinner="true" data-product-id="143525"><div class="product-grid-cell_price-tag"><div class="product-grid-cell_name" role="link" tabindex="0" data-block-spinner="true" data-product-id="143525"><h3 class="product-grid-cell_name-text select-text">Del Monte Fruit Naturals Cherry Mixed Fruit in Extra Light Syrup</h3></div><div class="product-grid-cell_price-container" role="link" data-block-spinner="true" data-product-id="143525"><div class="product-grid-cell_regular-price-container"><span class="product-grid-cell_was" aria-hidden="true"></span><span class="product-grid-cell_regular-price"></span></div><span class="product-grid-cell_main-price select-text">$1.50</span><span class="product-grid-cell_hidden-price"></span></div><span class="product-grid-cell_size select-text" role="link" data-block-spinner="true" data-product-id="143525">7 oz cup</span><span data-block-spinner="true" data-product-id="143525"><span class="product-grid-cell_unit select-text"> | $0.21 / oz</span></span><div class="buy-more-save-more_cta-grid-container"></div><div class="add-to-cart"><div class="add-to-cart_button"><button class="button button--add-to-cart" data-product-id="143525" data-price="1.5" data-cart-log-location="BROWSE_AISLES" data-persisted-quantity="0" data-other-information="{&quot;catPath&quot;:&quot;1,2098,2275&quot;,&quot;sale&quot;:false,&quot;newArrival&quot;:false,&quot;sponsored&quot;:false,&quot;includeContentTrackingInfo&quot;:true}">Add to Cart</button></div><span class="element-invisible" aria-live="assertive"></span></div></div><div class="spyglass-container"></div></li><li role="region" tabindex="-1" aria-label="Stop &amp; Shop Apple Green Slices" class="product-cell product-grid-cell product-grid-cell--quad" data-id="67-&gt;215954" data-position="65"><div class="confirmation-wrapper confirmation-wrapper--hidden" id="confirmation-wrapper--215954"><div class="confirmation-whitewash"><div class="confirmation-dialog"><div class="confirmation-dialog_messages" tabindex="0"><h4 class="confirmation-dialog_message-headline">Remove This Item From Your Cart?</h4></div><div class="confirmation-dialog_action-container"><div class="confirmation-dialog_confirmation-button"><button class="button button--fourth" tabindex="0" data-product-id="215954" data-cart-log-location="BROWSE_AISLES" data-persisted-quantity="undefined" data-price="3.99">OK</button></div><div class="confirmation-dialog_cancel-button"><button class="button button--fourth" tabindex="0" data-product-id="215954">Cancel</button></div></div></div></div></div><div class="confirmation-wrapper" style="display: none;"><div class="confirmation-whitewash"></div></div><img src="./Produce_Packaged_Produce_Salads_files/QIJ1U.jpg" alt="Stop &amp; Shop Apple Green Slices" class="product-grid-cell_main-image" data-block-spinner="true" data-product-id="215954"><div class="product-grid-cell_price-tag"><div class="product-grid-cell_name" role="link" tabindex="0" data-block-spinner="true" data-product-id="215954"><h3 class="product-grid-cell_name-text select-text"><span class="vector-icon_inline-text--left"><div class="vector-icon_outer-wrapper"><div class="vector-icon_container vector-icon-size--xsmall"><svg version="1.1" x="0px" y="0px" focusable="false" viewBox="0 0 945 1024" class="" role="presentation" aria-hidden="true"><title>Ahold Wedge Icon</title><desc>Ahold Icon</desc><path d="M1.893 730.617c-1.289-2.094-2.052-4.631-2.052-7.346 0-0.747 0.058-1.481 0.169-2.197 0.158-12.396 10.227-22.466 22.687-22.634l895.306-0c12.476 0.168 22.545 10.237 22.713 22.698-0.521 3.721-1.182 6.924-2.024 10.053l0.131-0.574c-86.363 175.072-263.598 293.385-468.466 293.385s-382.103-118.313-467.105-290.339l-1.361-3.046z" class="path1" fill="rgb(247, 168, 0)"></path><path d="M107.889 132.495c1.893-1.893 1.893-3.786 3.786-5.678 2.98-3.491 7.385-5.69 12.303-5.69s9.323 2.199 12.284 5.668l0.019 0.022 476.983 476.983c3.491 2.98 5.69 7.385 5.69 12.303s-2.199 9.323-5.668 12.284c-1.399 1.869-3.361 3.216-5.631 3.789l-0.069 0.015c-38.446 13.732-82.796 21.669-129.001 21.669-108.416 0-206.626-43.699-277.977-114.443-70.367-71.826-113.809-170.317-113.809-278.955 0-45.803 7.722-89.803 21.936-130.767l-0.845 2.8z" class="path2" fill="rgb(226, 35, 26)"></path><path d="M600.015 1.893c1.247-1.204 2.948-1.946 4.822-1.946 0.302 0 0.6 0.019 0.891 0.057 0.057-0.006 0.164-0.007 0.272-0.007 7.15 0 12.947 5.796 12.947 12.947 0 0.108-0.001 0.215-0.004 0.322l0-0.016v503.482c0.002 0.091 0.004 0.199 0.004 0.306 0 7.15-5.796 12.947-12.947 12.947-0.108 0-0.215-0.001-0.322-0.004-0.241 0.034-0.539 0.053-0.841 0.053-1.874 0-3.574-0.742-4.824-1.948l0.002 0.002c-98.273-48.542-164.673-148.065-164.673-263.098s66.401-214.556 162.964-262.333l1.709-0.765z" class="path3" fill="rgb(113, 33, 119)"></path><path d="M938.824 283.919c1.893 0 1.893 1.893 3.786 1.893 1.765 2.012 2.841 4.666 2.841 7.571s-1.077 5.559-2.853 7.584l0.011-0.013-268.776 266.884c-2.012 1.765-4.666 2.841-7.571 2.841s-5.559-1.077-7.584-2.853c-1.144-0.651-1.911-1.879-1.911-3.285 0-0.172 0.012-0.342 0.034-0.508l-0.002 0.019c-7.681-21.529-12.12-46.363-12.12-72.235 0-61.263 24.891-116.712 65.111-156.786 39.326-39.792 93.895-64.431 154.219-64.431 26.857 0 52.573 4.884 76.309 13.812l-1.494-0.493z" class="path4" fill="rgb(130, 188, 0)"></path></svg></div></div></span>Stop &amp; Shop Apple Green Slices</h3></div><div class="product-grid-cell_price-container" role="link" data-block-spinner="true" data-product-id="215954"><div class="product-grid-cell_regular-price-container"><span class="product-grid-cell_was" aria-hidden="true"></span><span class="product-grid-cell_regular-price"></span></div><span class="product-grid-cell_main-price select-text">$3.99</span><span class="product-grid-cell_hidden-price"></span></div><span class="product-grid-cell_size select-text" role="link" data-block-spinner="true" data-product-id="215954">12 oz pkg</span><span data-block-spinner="true" data-product-id="215954"><span class="product-grid-cell_unit select-text"> | $0.33 / oz</span></span><div class="buy-more-save-more_cta-grid-container"></div><div class="add-to-cart"><div class="add-to-cart_button"><button class="button button--add-to-cart" data-product-id="215954" data-price="3.99" data-cart-log-location="BROWSE_AISLES" data-persisted-quantity="0" data-other-information="{&quot;catPath&quot;:&quot;1,2098,2275&quot;,&quot;sale&quot;:false,&quot;newArrival&quot;:false,&quot;sponsored&quot;:false,&quot;includeContentTrackingInfo&quot;:true}">Add to Cart</button></div><span class="element-invisible" aria-live="assertive"></span></div></div><div class="spyglass-container"></div></li><li role="region" tabindex="-1" aria-label="Stop &amp; Shop Apples, Colby Cheese, Pretzels &amp; Caramel Dip" class="product-cell product-grid-cell product-grid-cell--quad" data-id="68-&gt;219515" data-position="66"><div class="confirmation-wrapper confirmation-wrapper--hidden" id="confirmation-wrapper--219515"><div class="confirmation-whitewash"><div class="confirmation-dialog"><div class="confirmation-dialog_messages" tabindex="0"><h4 class="confirmation-dialog_message-headline">Remove This Item From Your Cart?</h4></div><div class="confirmation-dialog_action-container"><div class="confirmation-dialog_confirmation-button"><button class="button button--fourth" tabindex="0" data-product-id="219515" data-cart-log-location="BROWSE_AISLES" data-persisted-quantity="undefined" data-price="2.29">OK</button></div><div class="confirmation-dialog_cancel-button"><button class="button button--fourth" tabindex="0" data-product-id="219515">Cancel</button></div></div></div></div></div><div class="confirmation-wrapper" style="display: none;"><div class="confirmation-whitewash"></div></div><img src="./Produce_Packaged_Produce_Salads_files/KVSAO.jpg" alt="Stop &amp; Shop Apples, Colby Cheese, Pretzels &amp; Caramel Dip" class="product-grid-cell_main-image" data-block-spinner="true" data-product-id="219515"><div class="product-grid-cell_price-tag"><div class="product-grid-cell_name" role="link" tabindex="0" data-block-spinner="true" data-product-id="219515"><h3 class="product-grid-cell_name-text select-text"><span class="vector-icon_inline-text--left"><div class="vector-icon_outer-wrapper"><div class="vector-icon_container vector-icon-size--xsmall"><svg version="1.1" x="0px" y="0px" focusable="false" viewBox="0 0 945 1024" class="" role="presentation" aria-hidden="true"><title>Ahold Wedge Icon</title><desc>Ahold Icon</desc><path d="M1.893 730.617c-1.289-2.094-2.052-4.631-2.052-7.346 0-0.747 0.058-1.481 0.169-2.197 0.158-12.396 10.227-22.466 22.687-22.634l895.306-0c12.476 0.168 22.545 10.237 22.713 22.698-0.521 3.721-1.182 6.924-2.024 10.053l0.131-0.574c-86.363 175.072-263.598 293.385-468.466 293.385s-382.103-118.313-467.105-290.339l-1.361-3.046z" class="path1" fill="rgb(247, 168, 0)"></path><path d="M107.889 132.495c1.893-1.893 1.893-3.786 3.786-5.678 2.98-3.491 7.385-5.69 12.303-5.69s9.323 2.199 12.284 5.668l0.019 0.022 476.983 476.983c3.491 2.98 5.69 7.385 5.69 12.303s-2.199 9.323-5.668 12.284c-1.399 1.869-3.361 3.216-5.631 3.789l-0.069 0.015c-38.446 13.732-82.796 21.669-129.001 21.669-108.416 0-206.626-43.699-277.977-114.443-70.367-71.826-113.809-170.317-113.809-278.955 0-45.803 7.722-89.803 21.936-130.767l-0.845 2.8z" class="path2" fill="rgb(226, 35, 26)"></path><path d="M600.015 1.893c1.247-1.204 2.948-1.946 4.822-1.946 0.302 0 0.6 0.019 0.891 0.057 0.057-0.006 0.164-0.007 0.272-0.007 7.15 0 12.947 5.796 12.947 12.947 0 0.108-0.001 0.215-0.004 0.322l0-0.016v503.482c0.002 0.091 0.004 0.199 0.004 0.306 0 7.15-5.796 12.947-12.947 12.947-0.108 0-0.215-0.001-0.322-0.004-0.241 0.034-0.539 0.053-0.841 0.053-1.874 0-3.574-0.742-4.824-1.948l0.002 0.002c-98.273-48.542-164.673-148.065-164.673-263.098s66.401-214.556 162.964-262.333l1.709-0.765z" class="path3" fill="rgb(113, 33, 119)"></path><path d="M938.824 283.919c1.893 0 1.893 1.893 3.786 1.893 1.765 2.012 2.841 4.666 2.841 7.571s-1.077 5.559-2.853 7.584l0.011-0.013-268.776 266.884c-2.012 1.765-4.666 2.841-7.571 2.841s-5.559-1.077-7.584-2.853c-1.144-0.651-1.911-1.879-1.911-3.285 0-0.172 0.012-0.342 0.034-0.508l-0.002 0.019c-7.681-21.529-12.12-46.363-12.12-72.235 0-61.263 24.891-116.712 65.111-156.786 39.326-39.792 93.895-64.431 154.219-64.431 26.857 0 52.573 4.884 76.309 13.812l-1.494-0.493z" class="path4" fill="rgb(130, 188, 0)"></path></svg></div></div></span>Stop &amp; Shop Apples, Colby Cheese, Pretzels &amp; Caramel Dip</h3></div><div class="product-grid-cell_price-container" role="link" data-block-spinner="true" data-product-id="219515"><div class="product-grid-cell_regular-price-container"><span class="product-grid-cell_was" aria-hidden="true"></span><span class="product-grid-cell_regular-price"></span></div><span class="product-grid-cell_main-price select-text">$2.29</span><span class="product-grid-cell_hidden-price"></span></div><span class="product-grid-cell_size select-text" role="link" data-block-spinner="true" data-product-id="219515">4.1 oz pkg</span><span data-block-spinner="true" data-product-id="219515"><span class="product-grid-cell_unit select-text"> | $1.64 / oz</span></span><div class="buy-more-save-more_cta-grid-container"></div><div class="add-to-cart"><div class="add-to-cart_button"><button class="button button--add-to-cart" data-product-id="219515" data-price="2.29" data-cart-log-location="BROWSE_AISLES" data-persisted-quantity="0" data-other-information="{&quot;catPath&quot;:&quot;1,2098,2275&quot;,&quot;sale&quot;:false,&quot;newArrival&quot;:false,&quot;sponsored&quot;:false,&quot;includeContentTrackingInfo&quot;:true}">Add to Cart</button></div><span class="element-invisible" aria-live="assertive"></span></div></div><div class="spyglass-container"></div></li><li role="region" tabindex="-1" aria-label="Nature&#39;s Promise Organic Spring Mix &amp; Baby Kale" class="product-cell product-grid-cell product-grid-cell--quad" data-id="69-&gt;212390" data-position="67"><div class="confirmation-wrapper confirmation-wrapper--hidden" id="confirmation-wrapper--212390"><div class="confirmation-whitewash"><div class="confirmation-dialog"><div class="confirmation-dialog_messages" tabindex="0"><h4 class="confirmation-dialog_message-headline">Remove This Item From Your Cart?</h4></div><div class="confirmation-dialog_action-container"><div class="confirmation-dialog_confirmation-button"><button class="button button--fourth" tabindex="0" data-product-id="212390" data-cart-log-location="BROWSE_AISLES" data-persisted-quantity="undefined" data-price="3.49">OK</button></div><div class="confirmation-dialog_cancel-button"><button class="button button--fourth" tabindex="0" data-product-id="212390">Cancel</button></div></div></div></div></div><div class="confirmation-wrapper" style="display: none;"><div class="confirmation-whitewash"></div></div><img src="./Produce_Packaged_Produce_Salads_files/MGEZC.jpg" alt="Nature&#39;s Promise Organic Spring Mix &amp; Baby Kale" class="product-grid-cell_main-image" data-block-spinner="true" data-product-id="212390"><div class="product-grid-cell_price-tag"><div class="product-grid-cell_name" role="link" tabindex="0" data-block-spinner="true" data-product-id="212390"><h3 class="product-grid-cell_name-text select-text"><span class="vector-icon_inline-text--left"><div class="vector-icon_outer-wrapper"><div class="vector-icon_container vector-icon-size--xsmall"><svg version="1.1" x="0px" y="0px" focusable="false" viewBox="0 0 945 1024" class="" role="presentation" aria-hidden="true"><title>Ahold Wedge Icon</title><desc>Ahold Icon</desc><path d="M1.893 730.617c-1.289-2.094-2.052-4.631-2.052-7.346 0-0.747 0.058-1.481 0.169-2.197 0.158-12.396 10.227-22.466 22.687-22.634l895.306-0c12.476 0.168 22.545 10.237 22.713 22.698-0.521 3.721-1.182 6.924-2.024 10.053l0.131-0.574c-86.363 175.072-263.598 293.385-468.466 293.385s-382.103-118.313-467.105-290.339l-1.361-3.046z" class="path1" fill="rgb(247, 168, 0)"></path><path d="M107.889 132.495c1.893-1.893 1.893-3.786 3.786-5.678 2.98-3.491 7.385-5.69 12.303-5.69s9.323 2.199 12.284 5.668l0.019 0.022 476.983 476.983c3.491 2.98 5.69 7.385 5.69 12.303s-2.199 9.323-5.668 12.284c-1.399 1.869-3.361 3.216-5.631 3.789l-0.069 0.015c-38.446 13.732-82.796 21.669-129.001 21.669-108.416 0-206.626-43.699-277.977-114.443-70.367-71.826-113.809-170.317-113.809-278.955 0-45.803 7.722-89.803 21.936-130.767l-0.845 2.8z" class="path2" fill="rgb(226, 35, 26)"></path><path d="M600.015 1.893c1.247-1.204 2.948-1.946 4.822-1.946 0.302 0 0.6 0.019 0.891 0.057 0.057-0.006 0.164-0.007 0.272-0.007 7.15 0 12.947 5.796 12.947 12.947 0 0.108-0.001 0.215-0.004 0.322l0-0.016v503.482c0.002 0.091 0.004 0.199 0.004 0.306 0 7.15-5.796 12.947-12.947 12.947-0.108 0-0.215-0.001-0.322-0.004-0.241 0.034-0.539 0.053-0.841 0.053-1.874 0-3.574-0.742-4.824-1.948l0.002 0.002c-98.273-48.542-164.673-148.065-164.673-263.098s66.401-214.556 162.964-262.333l1.709-0.765z" class="path3" fill="rgb(113, 33, 119)"></path><path d="M938.824 283.919c1.893 0 1.893 1.893 3.786 1.893 1.765 2.012 2.841 4.666 2.841 7.571s-1.077 5.559-2.853 7.584l0.011-0.013-268.776 266.884c-2.012 1.765-4.666 2.841-7.571 2.841s-5.559-1.077-7.584-2.853c-1.144-0.651-1.911-1.879-1.911-3.285 0-0.172 0.012-0.342 0.034-0.508l-0.002 0.019c-7.681-21.529-12.12-46.363-12.12-72.235 0-61.263 24.891-116.712 65.111-156.786 39.326-39.792 93.895-64.431 154.219-64.431 26.857 0 52.573 4.884 76.309 13.812l-1.494-0.493z" class="path4" fill="rgb(130, 188, 0)"></path></svg></div></div></span>Nature's Promise Organic Spring Mix &amp; Baby Kale</h3></div><div class="product-grid-cell_price-container" role="link" data-block-spinner="true" data-product-id="212390"><div class="product-grid-cell_regular-price-container"><span class="product-grid-cell_was" aria-hidden="true"></span><span class="product-grid-cell_regular-price"></span></div><span class="product-grid-cell_main-price select-text">$3.49</span><span class="product-grid-cell_hidden-price"></span></div><span class="product-grid-cell_size select-text" role="link" data-block-spinner="true" data-product-id="212390">5 oz pkg</span><span data-block-spinner="true" data-product-id="212390"><span class="product-grid-cell_unit select-text"> | $0.70 / oz</span></span><div class="buy-more-save-more_cta-grid-container"></div><div class="add-to-cart"><div class="add-to-cart_button"><button class="button button--add-to-cart" data-product-id="212390" data-price="3.49" data-cart-log-location="BROWSE_AISLES" data-persisted-quantity="0" data-other-information="{&quot;catPath&quot;:&quot;1,2098,2275&quot;,&quot;sale&quot;:false,&quot;newArrival&quot;:false,&quot;sponsored&quot;:false,&quot;includeContentTrackingInfo&quot;:true}">Add to Cart</button></div><span class="element-invisible" aria-live="assertive"></span></div></div><div class="spyglass-container"></div></li><li role="region" tabindex="-1" aria-label="Chatham Village Croutons Garlic &amp; Butter" class="product-cell product-grid-cell product-grid-cell--quad" data-id="70-&gt;42963" data-position="68"><div class="confirmation-wrapper confirmation-wrapper--hidden" id="confirmation-wrapper--42963"><div class="confirmation-whitewash"><div class="confirmation-dialog"><div class="confirmation-dialog_messages" tabindex="0"><h4 class="confirmation-dialog_message-headline">Remove This Item From Your Cart?</h4></div><div class="confirmation-dialog_action-container"><div class="confirmation-dialog_confirmation-button"><button class="button button--fourth" tabindex="0" data-product-id="42963" data-cart-log-location="BROWSE_AISLES" data-persisted-quantity="undefined" data-price="2.09">OK</button></div><div class="confirmation-dialog_cancel-button"><button class="button button--fourth" tabindex="0" data-product-id="42963">Cancel</button></div></div></div></div></div><div class="confirmation-wrapper" style="display: none;"><div class="confirmation-whitewash"></div></div><img src="./Produce_Packaged_Produce_Salads_files/DMOR0.jpg" alt="Chatham Village Croutons Garlic &amp; Butter" class="product-grid-cell_main-image" data-block-spinner="true" data-product-id="42963"><div class="product-grid-cell_price-tag"><div class="product-grid-cell_name" role="link" tabindex="0" data-block-spinner="true" data-product-id="42963"><h3 class="product-grid-cell_name-text select-text">Chatham Village Croutons Garlic &amp; Butter</h3></div><div class="product-grid-cell_price-container" role="link" data-block-spinner="true" data-product-id="42963"><div class="product-grid-cell_regular-price-container"><span class="product-grid-cell_was" aria-hidden="true"></span><span class="product-grid-cell_regular-price"></span></div><span class="product-grid-cell_main-price select-text">$2.09</span><span class="product-grid-cell_hidden-price"></span></div><span class="product-grid-cell_size select-text" role="link" data-block-spinner="true" data-product-id="42963">5 oz bag</span><span data-block-spinner="true" data-product-id="42963"><span class="product-grid-cell_unit select-text"> | $0.42 / oz</span></span><div class="buy-more-save-more_cta-grid-container"></div><div class="add-to-cart"><div class="add-to-cart_button"><button class="button button--add-to-cart" data-product-id="42963" data-price="2.09" data-cart-log-location="BROWSE_AISLES" data-persisted-quantity="0" data-other-information="{&quot;catPath&quot;:&quot;1,2098,2275&quot;,&quot;sale&quot;:false,&quot;newArrival&quot;:false,&quot;sponsored&quot;:false,&quot;includeContentTrackingInfo&quot;:true}">Add to Cart</button></div><span class="element-invisible" aria-live="assertive"></span></div></div><div class="spyglass-container"></div></li><li role="region" tabindex="-1" aria-label="Dole Chopped Salad Kit BBQ Ranch" class="product-cell product-grid-cell product-grid-cell--quad" data-id="71-&gt;202349" data-position="69"><div class="confirmation-wrapper confirmation-wrapper--hidden" id="confirmation-wrapper--202349"><div class="confirmation-whitewash"><div class="confirmation-dialog"><div class="confirmation-dialog_messages" tabindex="0"><h4 class="confirmation-dialog_message-headline">Remove This Item From Your Cart?</h4></div><div class="confirmation-dialog_action-container"><div class="confirmation-dialog_confirmation-button"><button class="button button--fourth" tabindex="0" data-product-id="202349" data-cart-log-location="BROWSE_AISLES" data-persisted-quantity="undefined" data-price="3.59">OK</button></div><div class="confirmation-dialog_cancel-button"><button class="button button--fourth" tabindex="0" data-product-id="202349">Cancel</button></div></div></div></div></div><div class="confirmation-wrapper" style="display: none;"><div class="confirmation-whitewash"></div></div><img src="./Produce_Packaged_Produce_Salads_files/I3UXL.jpg" alt="Dole Chopped Salad Kit BBQ Ranch" class="product-grid-cell_main-image" data-block-spinner="true" data-product-id="202349"><div class="product-grid-cell_price-tag"><div class="product-grid-cell_name" role="link" tabindex="0" data-block-spinner="true" data-product-id="202349"><h3 class="product-grid-cell_name-text select-text">Dole Chopped Salad Kit BBQ Ranch</h3></div><div class="product-grid-cell_price-container" role="link" data-block-spinner="true" data-product-id="202349"><div class="product-grid-cell_regular-price-container"><span class="product-grid-cell_was" aria-hidden="true"></span><span class="product-grid-cell_regular-price"></span></div><span class="product-grid-cell_main-price select-text">$3.59</span><span class="product-grid-cell_hidden-price"></span></div><span class="product-grid-cell_size select-text" role="link" data-block-spinner="true" data-product-id="202349">14.6 oz bag</span><span data-block-spinner="true" data-product-id="202349"><span class="product-grid-cell_unit select-text"> | $0.25 / oz</span></span><div class="buy-more-save-more_cta-grid-container"></div><div class="add-to-cart"><div class="add-to-cart_button"><button class="button button--add-to-cart" data-product-id="202349" data-price="3.59" data-cart-log-location="BROWSE_AISLES" data-persisted-quantity="0" data-other-information="{&quot;catPath&quot;:&quot;1,2098,2275&quot;,&quot;sale&quot;:false,&quot;newArrival&quot;:false,&quot;sponsored&quot;:false,&quot;includeContentTrackingInfo&quot;:true}">Add to Cart</button></div><span class="element-invisible" aria-live="assertive"></span></div></div><div class="spyglass-container"></div></li><li role="region" tabindex="-1" aria-label="Del Monte Fruit Naturals Peach Yellow Cling Chunks No Sugar Added" class="product-cell product-grid-cell product-grid-cell--quad" data-id="72-&gt;151390" data-position="70"><div class="confirmation-wrapper confirmation-wrapper--hidden" id="confirmation-wrapper--151390"><div class="confirmation-whitewash"><div class="confirmation-dialog"><div class="confirmation-dialog_messages" tabindex="0"><h4 class="confirmation-dialog_message-headline">Remove This Item From Your Cart?</h4></div><div class="confirmation-dialog_action-container"><div class="confirmation-dialog_confirmation-button"><button class="button button--fourth" tabindex="0" data-product-id="151390" data-cart-log-location="BROWSE_AISLES" data-persisted-quantity="undefined" data-price="1.5">OK</button></div><div class="confirmation-dialog_cancel-button"><button class="button button--fourth" tabindex="0" data-product-id="151390">Cancel</button></div></div></div></div></div><div class="confirmation-wrapper" style="display: none;"><div class="confirmation-whitewash"></div></div><img src="./Produce_Packaged_Produce_Salads_files/FB43N.jpg" alt="Del Monte Fruit Naturals Peach Yellow Cling Chunks No Sugar Added" class="product-grid-cell_main-image" data-block-spinner="true" data-product-id="151390"><div class="product-grid-cell_price-tag"><div class="product-grid-cell_name" role="link" tabindex="0" data-block-spinner="true" data-product-id="151390"><h3 class="product-grid-cell_name-text select-text">Del Monte Fruit Naturals Peach Yellow Cling Chunks No Sugar Added</h3></div><div class="product-grid-cell_price-container" role="link" data-block-spinner="true" data-product-id="151390"><div class="product-grid-cell_regular-price-container"><span class="product-grid-cell_was" aria-hidden="true"></span><span class="product-grid-cell_regular-price"></span></div><span class="product-grid-cell_main-price select-text">$1.50</span><span class="product-grid-cell_hidden-price"></span></div><span class="product-grid-cell_size select-text" role="link" data-block-spinner="true" data-product-id="151390">6.5 oz cup</span><span data-block-spinner="true" data-product-id="151390"><span class="product-grid-cell_unit select-text"> | $0.23 / oz</span></span><div class="buy-more-save-more_cta-grid-container"></div><div class="add-to-cart"><div class="add-to-cart_button"><button class="button button--add-to-cart" data-product-id="151390" data-price="1.5" data-cart-log-location="BROWSE_AISLES" data-persisted-quantity="0" data-other-information="{&quot;catPath&quot;:&quot;1,2098,2275&quot;,&quot;sale&quot;:false,&quot;newArrival&quot;:false,&quot;sponsored&quot;:false,&quot;includeContentTrackingInfo&quot;:true}">Add to Cart</button></div><span class="element-invisible" aria-live="assertive"></span></div></div><div class="spyglass-container"></div></li><li role="region" tabindex="-1" aria-label="Dole Chopped Salad Kit Bacon &amp; Bleu" class="product-cell product-grid-cell product-grid-cell--quad" data-id="73-&gt;200315" data-position="71"><div class="confirmation-wrapper confirmation-wrapper--hidden" id="confirmation-wrapper--200315"><div class="confirmation-whitewash"><div class="confirmation-dialog"><div class="confirmation-dialog_messages" tabindex="0"><h4 class="confirmation-dialog_message-headline">Remove This Item From Your Cart?</h4></div><div class="confirmation-dialog_action-container"><div class="confirmation-dialog_confirmation-button"><button class="button button--fourth" tabindex="0" data-product-id="200315" data-cart-log-location="BROWSE_AISLES" data-persisted-quantity="undefined" data-price="3.59">OK</button></div><div class="confirmation-dialog_cancel-button"><button class="button button--fourth" tabindex="0" data-product-id="200315">Cancel</button></div></div></div></div></div><div class="confirmation-wrapper" style="display: none;"><div class="confirmation-whitewash"></div></div><img src="./Produce_Packaged_Produce_Salads_files/1CH5W.jpg" alt="Dole Chopped Salad Kit Bacon &amp; Bleu" class="product-grid-cell_main-image" data-block-spinner="true" data-product-id="200315"><div class="product-grid-cell_price-tag"><div class="product-grid-cell_name" role="link" tabindex="0" data-block-spinner="true" data-product-id="200315"><h3 class="product-grid-cell_name-text select-text">Dole Chopped Salad Kit Bacon &amp; Bleu</h3></div><div class="product-grid-cell_price-container" role="link" data-block-spinner="true" data-product-id="200315"><div class="product-grid-cell_regular-price-container"><span class="product-grid-cell_was" aria-hidden="true"></span><span class="product-grid-cell_regular-price"></span></div><span class="product-grid-cell_main-price select-text">$3.59</span><span class="product-grid-cell_hidden-price"></span></div><span class="product-grid-cell_size select-text" role="link" data-block-spinner="true" data-product-id="200315">12.9 oz bag</span><span data-block-spinner="true" data-product-id="200315"><span class="product-grid-cell_unit select-text"> | $0.28 / oz</span></span><div class="buy-more-save-more_cta-grid-container"></div><div class="add-to-cart"><div class="add-to-cart_button"><button class="button button--add-to-cart" data-product-id="200315" data-price="3.59" data-cart-log-location="BROWSE_AISLES" data-persisted-quantity="0" data-other-information="{&quot;catPath&quot;:&quot;1,2098,2275&quot;,&quot;sale&quot;:false,&quot;newArrival&quot;:false,&quot;sponsored&quot;:false,&quot;includeContentTrackingInfo&quot;:true}">Add to Cart</button></div><span class="element-invisible" aria-live="assertive"></span></div></div><div class="spyglass-container"></div></li><li role="region" tabindex="-1" aria-label="NewStar Cooking with Spinach Classic Spinach" class="product-cell product-grid-cell product-grid-cell--quad" data-id="74-&gt;186542" data-position="72"><div class="confirmation-wrapper confirmation-wrapper--hidden" id="confirmation-wrapper--186542"><div class="confirmation-whitewash"><div class="confirmation-dialog"><div class="confirmation-dialog_messages" tabindex="0"><h4 class="confirmation-dialog_message-headline">Remove This Item From Your Cart?</h4></div><div class="confirmation-dialog_action-container"><div class="confirmation-dialog_confirmation-button"><button class="button button--fourth" tabindex="0" data-product-id="186542" data-cart-log-location="BROWSE_AISLES" data-persisted-quantity="undefined" data-price="4.19">OK</button></div><div class="confirmation-dialog_cancel-button"><button class="button button--fourth" tabindex="0" data-product-id="186542">Cancel</button></div></div></div></div></div><div class="confirmation-wrapper" style="display: none;"><div class="confirmation-whitewash"></div></div><img src="./Produce_Packaged_Produce_Salads_files/NKAST.jpg" alt="NewStar Cooking with Spinach Classic Spinach" class="product-grid-cell_main-image" data-block-spinner="true" data-product-id="186542"><div class="product-grid-cell_price-tag"><div class="product-grid-cell_name" role="link" tabindex="0" data-block-spinner="true" data-product-id="186542"><h3 class="product-grid-cell_name-text select-text">NewStar Cooking with Spinach Classic Spinach</h3></div><div class="product-grid-cell_price-container" role="link" data-block-spinner="true" data-product-id="186542"><div class="product-grid-cell_regular-price-container"><span class="product-grid-cell_was" aria-hidden="true"></span><span class="product-grid-cell_regular-price"></span></div><span class="product-grid-cell_main-price select-text">$4.19</span><span class="product-grid-cell_hidden-price"></span></div><span class="product-grid-cell_size select-text" role="link" data-block-spinner="true" data-product-id="186542">16 oz pkg</span><span data-block-spinner="true" data-product-id="186542"><span class="product-grid-cell_unit select-text"> | $0.26 / oz</span></span><div class="buy-more-save-more_cta-grid-container"></div><div class="add-to-cart"><div class="add-to-cart_button"><button class="button button--add-to-cart" data-product-id="186542" data-price="4.19" data-cart-log-location="BROWSE_AISLES" data-persisted-quantity="0" data-other-information="{&quot;catPath&quot;:&quot;1,2098,2275&quot;,&quot;sale&quot;:false,&quot;newArrival&quot;:false,&quot;sponsored&quot;:false,&quot;includeContentTrackingInfo&quot;:true}">Add to Cart</button></div><span class="element-invisible" aria-live="assertive"></span></div></div><div class="spyglass-container"></div></li><li role="region" tabindex="-1" aria-label="Dole Fresh Spring Mix" class="product-cell product-grid-cell product-grid-cell--quad" data-id="75-&gt;121285" data-position="73"><div class="confirmation-wrapper confirmation-wrapper--hidden" id="confirmation-wrapper--121285"><div class="confirmation-whitewash"><div class="confirmation-dialog"><div class="confirmation-dialog_messages" tabindex="0"><h4 class="confirmation-dialog_message-headline">Remove This Item From Your Cart?</h4></div><div class="confirmation-dialog_action-container"><div class="confirmation-dialog_confirmation-button"><button class="button button--fourth" tabindex="0" data-product-id="121285" data-cart-log-location="BROWSE_AISLES" data-persisted-quantity="undefined" data-price="2.5">OK</button></div><div class="confirmation-dialog_cancel-button"><button class="button button--fourth" tabindex="0" data-product-id="121285">Cancel</button></div></div></div></div></div><div class="confirmation-wrapper" style="display: none;"><div class="confirmation-whitewash"></div></div><div class="item-detail_flag--outer-container"><div class="item-detail_flag--container"><div class="item-detail_flag--flag sale">Sale</div></div></div><img src="./Produce_Packaged_Produce_Salads_files/YZDT2.jpg" alt="Dole Fresh Spring Mix" class="product-grid-cell_main-image" data-block-spinner="true" data-product-id="121285"><div class="product-grid-cell_price-tag"><div class="product-grid-cell_name" role="link" tabindex="0" data-block-spinner="true" data-product-id="121285"><h3 class="product-grid-cell_name-text select-text">Dole Fresh Spring Mix</h3></div><div class="product-grid-cell_price-container" role="link" data-block-spinner="true" data-product-id="121285"><div class="product-grid-cell_regular-price-container"><span class="product-grid-cell_was" aria-hidden="true"></span><span class="product-grid-cell_regular-price"></span></div><span class="product-grid-cell_main-price select-text product-grid-cell_main-price--on-sale">$2.50</span><span class="product-grid-cell_hidden-price"></span></div><span class="product-grid-cell_size select-text" role="link" data-block-spinner="true" data-product-id="121285">5 oz bag</span><span data-block-spinner="true" data-product-id="121285"><span class="product-grid-cell_unit select-text"> | $0.50 / oz</span></span><div class="buy-more-save-more_cta-grid-container"></div><div class="add-to-cart"><div class="add-to-cart_button"><button class="button button--add-to-cart" data-product-id="121285" data-price="2.5" data-cart-log-location="BROWSE_AISLES" data-persisted-quantity="0" data-other-information="{&quot;catPath&quot;:&quot;1,2098,2275&quot;,&quot;sale&quot;:true,&quot;newArrival&quot;:false,&quot;sponsored&quot;:false,&quot;includeContentTrackingInfo&quot;:true}">Add to Cart</button></div><span class="element-invisible" aria-live="assertive"></span></div></div><div class="spyglass-container"></div></li><li role="region" tabindex="-1" aria-label="Stop &amp; Shop Croutons Herb Seasoned" class="product-cell product-grid-cell product-grid-cell--quad" data-id="76-&gt;172019" data-position="74"><div class="confirmation-wrapper confirmation-wrapper--hidden" id="confirmation-wrapper--172019"><div class="confirmation-whitewash"><div class="confirmation-dialog"><div class="confirmation-dialog_messages" tabindex="0"><h4 class="confirmation-dialog_message-headline">Remove This Item From Your Cart?</h4></div><div class="confirmation-dialog_action-container"><div class="confirmation-dialog_confirmation-button"><button class="button button--fourth" tabindex="0" data-product-id="172019" data-cart-log-location="BROWSE_AISLES" data-persisted-quantity="undefined" data-price="1.39">OK</button></div><div class="confirmation-dialog_cancel-button"><button class="button button--fourth" tabindex="0" data-product-id="172019">Cancel</button></div></div></div></div></div><div class="confirmation-wrapper" style="display: none;"><div class="confirmation-whitewash"></div></div><img src="./Produce_Packaged_Produce_Salads_files/76FTS.jpg" alt="Stop &amp; Shop Croutons Herb Seasoned" class="product-grid-cell_main-image" data-block-spinner="true" data-product-id="172019"><div class="product-grid-cell_price-tag"><div class="product-grid-cell_name" role="link" tabindex="0" data-block-spinner="true" data-product-id="172019"><h3 class="product-grid-cell_name-text select-text"><span class="vector-icon_inline-text--left"><div class="vector-icon_outer-wrapper"><div class="vector-icon_container vector-icon-size--xsmall"><svg version="1.1" x="0px" y="0px" focusable="false" viewBox="0 0 945 1024" class="" role="presentation" aria-hidden="true"><title>Ahold Wedge Icon</title><desc>Ahold Icon</desc><path d="M1.893 730.617c-1.289-2.094-2.052-4.631-2.052-7.346 0-0.747 0.058-1.481 0.169-2.197 0.158-12.396 10.227-22.466 22.687-22.634l895.306-0c12.476 0.168 22.545 10.237 22.713 22.698-0.521 3.721-1.182 6.924-2.024 10.053l0.131-0.574c-86.363 175.072-263.598 293.385-468.466 293.385s-382.103-118.313-467.105-290.339l-1.361-3.046z" class="path1" fill="rgb(247, 168, 0)"></path><path d="M107.889 132.495c1.893-1.893 1.893-3.786 3.786-5.678 2.98-3.491 7.385-5.69 12.303-5.69s9.323 2.199 12.284 5.668l0.019 0.022 476.983 476.983c3.491 2.98 5.69 7.385 5.69 12.303s-2.199 9.323-5.668 12.284c-1.399 1.869-3.361 3.216-5.631 3.789l-0.069 0.015c-38.446 13.732-82.796 21.669-129.001 21.669-108.416 0-206.626-43.699-277.977-114.443-70.367-71.826-113.809-170.317-113.809-278.955 0-45.803 7.722-89.803 21.936-130.767l-0.845 2.8z" class="path2" fill="rgb(226, 35, 26)"></path><path d="M600.015 1.893c1.247-1.204 2.948-1.946 4.822-1.946 0.302 0 0.6 0.019 0.891 0.057 0.057-0.006 0.164-0.007 0.272-0.007 7.15 0 12.947 5.796 12.947 12.947 0 0.108-0.001 0.215-0.004 0.322l0-0.016v503.482c0.002 0.091 0.004 0.199 0.004 0.306 0 7.15-5.796 12.947-12.947 12.947-0.108 0-0.215-0.001-0.322-0.004-0.241 0.034-0.539 0.053-0.841 0.053-1.874 0-3.574-0.742-4.824-1.948l0.002 0.002c-98.273-48.542-164.673-148.065-164.673-263.098s66.401-214.556 162.964-262.333l1.709-0.765z" class="path3" fill="rgb(113, 33, 119)"></path><path d="M938.824 283.919c1.893 0 1.893 1.893 3.786 1.893 1.765 2.012 2.841 4.666 2.841 7.571s-1.077 5.559-2.853 7.584l0.011-0.013-268.776 266.884c-2.012 1.765-4.666 2.841-7.571 2.841s-5.559-1.077-7.584-2.853c-1.144-0.651-1.911-1.879-1.911-3.285 0-0.172 0.012-0.342 0.034-0.508l-0.002 0.019c-7.681-21.529-12.12-46.363-12.12-72.235 0-61.263 24.891-116.712 65.111-156.786 39.326-39.792 93.895-64.431 154.219-64.431 26.857 0 52.573 4.884 76.309 13.812l-1.494-0.493z" class="path4" fill="rgb(130, 188, 0)"></path></svg></div></div></span>Stop &amp; Shop Croutons Herb Seasoned</h3></div><div class="product-grid-cell_price-container" role="link" data-block-spinner="true" data-product-id="172019"><div class="product-grid-cell_regular-price-container"><span class="product-grid-cell_was" aria-hidden="true"></span><span class="product-grid-cell_regular-price"></span></div><span class="product-grid-cell_main-price select-text">$1.39</span><span class="product-grid-cell_hidden-price"></span></div><span class="product-grid-cell_size select-text" role="link" data-block-spinner="true" data-product-id="172019">5 oz bag</span><span data-block-spinner="true" data-product-id="172019"><span class="product-grid-cell_unit select-text"> | $0.28 / oz</span></span><div class="buy-more-save-more_cta-grid-container"></div><div class="add-to-cart"><div class="add-to-cart_button"><button class="button button--add-to-cart" data-product-id="172019" data-price="1.39" data-cart-log-location="BROWSE_AISLES" data-persisted-quantity="0" data-other-information="{&quot;catPath&quot;:&quot;1,2098,2275&quot;,&quot;sale&quot;:false,&quot;newArrival&quot;:false,&quot;sponsored&quot;:false,&quot;includeContentTrackingInfo&quot;:true}">Add to Cart</button></div><span class="element-invisible" aria-live="assertive"></span></div></div><div class="spyglass-container"></div></li><li role="region" tabindex="-1" aria-label="Stop &amp; Shop Green Beans Trimmed &amp; Washed" class="product-cell product-grid-cell product-grid-cell--quad" data-id="77-&gt;202339" data-position="75"><div class="confirmation-wrapper confirmation-wrapper--hidden" id="confirmation-wrapper--202339"><div class="confirmation-whitewash"><div class="confirmation-dialog"><div class="confirmation-dialog_messages" tabindex="0"><h4 class="confirmation-dialog_message-headline">Remove This Item From Your Cart?</h4></div><div class="confirmation-dialog_action-container"><div class="confirmation-dialog_confirmation-button"><button class="button button--fourth" tabindex="0" data-product-id="202339" data-cart-log-location="BROWSE_AISLES" data-persisted-quantity="undefined" data-price="7.19">OK</button></div><div class="confirmation-dialog_cancel-button"><button class="button button--fourth" tabindex="0" data-product-id="202339">Cancel</button></div></div></div></div></div><div class="confirmation-wrapper" style="display: none;"><div class="confirmation-whitewash"></div></div><img src="./Produce_Packaged_Produce_Salads_files/MACJ3.jpg" alt="Stop &amp; Shop Green Beans Trimmed &amp; Washed" class="product-grid-cell_main-image" data-block-spinner="true" data-product-id="202339"><div class="product-grid-cell_price-tag"><div class="product-grid-cell_name" role="link" tabindex="0" data-block-spinner="true" data-product-id="202339"><h3 class="product-grid-cell_name-text select-text"><span class="vector-icon_inline-text--left"><div class="vector-icon_outer-wrapper"><div class="vector-icon_container vector-icon-size--xsmall"><svg version="1.1" x="0px" y="0px" focusable="false" viewBox="0 0 945 1024" class="" role="presentation" aria-hidden="true"><title>Ahold Wedge Icon</title><desc>Ahold Icon</desc><path d="M1.893 730.617c-1.289-2.094-2.052-4.631-2.052-7.346 0-0.747 0.058-1.481 0.169-2.197 0.158-12.396 10.227-22.466 22.687-22.634l895.306-0c12.476 0.168 22.545 10.237 22.713 22.698-0.521 3.721-1.182 6.924-2.024 10.053l0.131-0.574c-86.363 175.072-263.598 293.385-468.466 293.385s-382.103-118.313-467.105-290.339l-1.361-3.046z" class="path1" fill="rgb(247, 168, 0)"></path><path d="M107.889 132.495c1.893-1.893 1.893-3.786 3.786-5.678 2.98-3.491 7.385-5.69 12.303-5.69s9.323 2.199 12.284 5.668l0.019 0.022 476.983 476.983c3.491 2.98 5.69 7.385 5.69 12.303s-2.199 9.323-5.668 12.284c-1.399 1.869-3.361 3.216-5.631 3.789l-0.069 0.015c-38.446 13.732-82.796 21.669-129.001 21.669-108.416 0-206.626-43.699-277.977-114.443-70.367-71.826-113.809-170.317-113.809-278.955 0-45.803 7.722-89.803 21.936-130.767l-0.845 2.8z" class="path2" fill="rgb(226, 35, 26)"></path><path d="M600.015 1.893c1.247-1.204 2.948-1.946 4.822-1.946 0.302 0 0.6 0.019 0.891 0.057 0.057-0.006 0.164-0.007 0.272-0.007 7.15 0 12.947 5.796 12.947 12.947 0 0.108-0.001 0.215-0.004 0.322l0-0.016v503.482c0.002 0.091 0.004 0.199 0.004 0.306 0 7.15-5.796 12.947-12.947 12.947-0.108 0-0.215-0.001-0.322-0.004-0.241 0.034-0.539 0.053-0.841 0.053-1.874 0-3.574-0.742-4.824-1.948l0.002 0.002c-98.273-48.542-164.673-148.065-164.673-263.098s66.401-214.556 162.964-262.333l1.709-0.765z" class="path3" fill="rgb(113, 33, 119)"></path><path d="M938.824 283.919c1.893 0 1.893 1.893 3.786 1.893 1.765 2.012 2.841 4.666 2.841 7.571s-1.077 5.559-2.853 7.584l0.011-0.013-268.776 266.884c-2.012 1.765-4.666 2.841-7.571 2.841s-5.559-1.077-7.584-2.853c-1.144-0.651-1.911-1.879-1.911-3.285 0-0.172 0.012-0.342 0.034-0.508l-0.002 0.019c-7.681-21.529-12.12-46.363-12.12-72.235 0-61.263 24.891-116.712 65.111-156.786 39.326-39.792 93.895-64.431 154.219-64.431 26.857 0 52.573 4.884 76.309 13.812l-1.494-0.493z" class="path4" fill="rgb(130, 188, 0)"></path></svg></div></div></span>Stop &amp; Shop Green Beans Trimmed &amp; Washed</h3></div><div class="product-grid-cell_price-container" role="link" data-block-spinner="true" data-product-id="202339"><div class="product-grid-cell_regular-price-container"><span class="product-grid-cell_was" aria-hidden="true"></span><span class="product-grid-cell_regular-price"></span></div><span class="product-grid-cell_main-price select-text">$7.19</span><span class="product-grid-cell_hidden-price"></span></div><span class="product-grid-cell_size select-text" role="link" data-block-spinner="true" data-product-id="202339">32 oz bag</span><span data-block-spinner="true" data-product-id="202339"><span class="product-grid-cell_unit select-text"> | $0.22 / oz</span></span><div class="buy-more-save-more_cta-grid-container"></div><div class="add-to-cart"><div class="add-to-cart_button"><button class="button button--add-to-cart" data-product-id="202339" data-price="7.19" data-cart-log-location="BROWSE_AISLES" data-persisted-quantity="0" data-other-information="{&quot;catPath&quot;:&quot;1,2098,2275&quot;,&quot;sale&quot;:false,&quot;newArrival&quot;:false,&quot;sponsored&quot;:false,&quot;includeContentTrackingInfo&quot;:true}">Add to Cart</button></div><span class="element-invisible" aria-live="assertive"></span></div></div><div class="spyglass-container"></div></li><li role="region" tabindex="-1" aria-label="Stop &amp; Shop Croutons Cheese &amp; Garlic" class="product-cell product-grid-cell product-grid-cell--quad" data-id="78-&gt;173391" data-position="76"><div class="confirmation-wrapper confirmation-wrapper--hidden" id="confirmation-wrapper--173391"><div class="confirmation-whitewash"><div class="confirmation-dialog"><div class="confirmation-dialog_messages" tabindex="0"><h4 class="confirmation-dialog_message-headline">Remove This Item From Your Cart?</h4></div><div class="confirmation-dialog_action-container"><div class="confirmation-dialog_confirmation-button"><button class="button button--fourth" tabindex="0" data-product-id="173391" data-cart-log-location="BROWSE_AISLES" data-persisted-quantity="undefined" data-price="1.39">OK</button></div><div class="confirmation-dialog_cancel-button"><button class="button button--fourth" tabindex="0" data-product-id="173391">Cancel</button></div></div></div></div></div><div class="confirmation-wrapper" style="display: none;"><div class="confirmation-whitewash"></div></div><img src="./Produce_Packaged_Produce_Salads_files/NQ6DL.jpg" alt="Stop &amp; Shop Croutons Cheese &amp; Garlic" class="product-grid-cell_main-image" data-block-spinner="true" data-product-id="173391"><div class="product-grid-cell_price-tag"><div class="product-grid-cell_name" role="link" tabindex="0" data-block-spinner="true" data-product-id="173391"><h3 class="product-grid-cell_name-text select-text"><span class="vector-icon_inline-text--left"><div class="vector-icon_outer-wrapper"><div class="vector-icon_container vector-icon-size--xsmall"><svg version="1.1" x="0px" y="0px" focusable="false" viewBox="0 0 945 1024" class="" role="presentation" aria-hidden="true"><title>Ahold Wedge Icon</title><desc>Ahold Icon</desc><path d="M1.893 730.617c-1.289-2.094-2.052-4.631-2.052-7.346 0-0.747 0.058-1.481 0.169-2.197 0.158-12.396 10.227-22.466 22.687-22.634l895.306-0c12.476 0.168 22.545 10.237 22.713 22.698-0.521 3.721-1.182 6.924-2.024 10.053l0.131-0.574c-86.363 175.072-263.598 293.385-468.466 293.385s-382.103-118.313-467.105-290.339l-1.361-3.046z" class="path1" fill="rgb(247, 168, 0)"></path><path d="M107.889 132.495c1.893-1.893 1.893-3.786 3.786-5.678 2.98-3.491 7.385-5.69 12.303-5.69s9.323 2.199 12.284 5.668l0.019 0.022 476.983 476.983c3.491 2.98 5.69 7.385 5.69 12.303s-2.199 9.323-5.668 12.284c-1.399 1.869-3.361 3.216-5.631 3.789l-0.069 0.015c-38.446 13.732-82.796 21.669-129.001 21.669-108.416 0-206.626-43.699-277.977-114.443-70.367-71.826-113.809-170.317-113.809-278.955 0-45.803 7.722-89.803 21.936-130.767l-0.845 2.8z" class="path2" fill="rgb(226, 35, 26)"></path><path d="M600.015 1.893c1.247-1.204 2.948-1.946 4.822-1.946 0.302 0 0.6 0.019 0.891 0.057 0.057-0.006 0.164-0.007 0.272-0.007 7.15 0 12.947 5.796 12.947 12.947 0 0.108-0.001 0.215-0.004 0.322l0-0.016v503.482c0.002 0.091 0.004 0.199 0.004 0.306 0 7.15-5.796 12.947-12.947 12.947-0.108 0-0.215-0.001-0.322-0.004-0.241 0.034-0.539 0.053-0.841 0.053-1.874 0-3.574-0.742-4.824-1.948l0.002 0.002c-98.273-48.542-164.673-148.065-164.673-263.098s66.401-214.556 162.964-262.333l1.709-0.765z" class="path3" fill="rgb(113, 33, 119)"></path><path d="M938.824 283.919c1.893 0 1.893 1.893 3.786 1.893 1.765 2.012 2.841 4.666 2.841 7.571s-1.077 5.559-2.853 7.584l0.011-0.013-268.776 266.884c-2.012 1.765-4.666 2.841-7.571 2.841s-5.559-1.077-7.584-2.853c-1.144-0.651-1.911-1.879-1.911-3.285 0-0.172 0.012-0.342 0.034-0.508l-0.002 0.019c-7.681-21.529-12.12-46.363-12.12-72.235 0-61.263 24.891-116.712 65.111-156.786 39.326-39.792 93.895-64.431 154.219-64.431 26.857 0 52.573 4.884 76.309 13.812l-1.494-0.493z" class="path4" fill="rgb(130, 188, 0)"></path></svg></div></div></span>Stop &amp; Shop Croutons Cheese &amp; Garlic</h3></div><div class="product-grid-cell_price-container" role="link" data-block-spinner="true" data-product-id="173391"><div class="product-grid-cell_regular-price-container"><span class="product-grid-cell_was" aria-hidden="true"></span><span class="product-grid-cell_regular-price"></span></div><span class="product-grid-cell_main-price select-text">$1.39</span><span class="product-grid-cell_hidden-price"></span></div><span class="product-grid-cell_size select-text" role="link" data-block-spinner="true" data-product-id="173391">5 oz bag</span><span data-block-spinner="true" data-product-id="173391"><span class="product-grid-cell_unit select-text"> | $0.28 / oz</span></span><div class="buy-more-save-more_cta-grid-container"></div><div class="add-to-cart"><div class="add-to-cart_button"><button class="button button--add-to-cart" data-product-id="173391" data-price="1.39" data-cart-log-location="BROWSE_AISLES" data-persisted-quantity="0" data-other-information="{&quot;catPath&quot;:&quot;1,2098,2275&quot;,&quot;sale&quot;:false,&quot;newArrival&quot;:false,&quot;sponsored&quot;:false,&quot;includeContentTrackingInfo&quot;:true}">Add to Cart</button></div><span class="element-invisible" aria-live="assertive"></span></div></div><div class="spyglass-container"></div></li><li role="region" tabindex="-1" aria-label="Dole Harvest Best Mandarin Oranges in 100% Fruit Juice" class="product-cell product-grid-cell product-grid-cell--quad" data-id="79-&gt;135404" data-position="77"><div class="confirmation-wrapper confirmation-wrapper--hidden" id="confirmation-wrapper--135404"><div class="confirmation-whitewash"><div class="confirmation-dialog"><div class="confirmation-dialog_messages" tabindex="0"><h4 class="confirmation-dialog_message-headline">Remove This Item From Your Cart?</h4></div><div class="confirmation-dialog_action-container"><div class="confirmation-dialog_confirmation-button"><button class="button button--fourth" tabindex="0" data-product-id="135404" data-cart-log-location="BROWSE_AISLES" data-persisted-quantity="undefined" data-price="3.59">OK</button></div><div class="confirmation-dialog_cancel-button"><button class="button button--fourth" tabindex="0" data-product-id="135404">Cancel</button></div></div></div></div></div><div class="confirmation-wrapper" style="display: none;"><div class="confirmation-whitewash"></div></div><img src="./Produce_Packaged_Produce_Salads_files/T5L23.jpg" alt="Dole Harvest Best Mandarin Oranges in 100% Fruit Juice" class="product-grid-cell_main-image" data-block-spinner="true" data-product-id="135404"><div class="product-grid-cell_price-tag"><div class="product-grid-cell_name" role="link" tabindex="0" data-block-spinner="true" data-product-id="135404"><h3 class="product-grid-cell_name-text select-text">Dole Harvest Best Mandarin Oranges in 100% Fruit Juice</h3></div><div class="product-grid-cell_price-container" role="link" data-block-spinner="true" data-product-id="135404"><div class="product-grid-cell_regular-price-container"><span class="product-grid-cell_was" aria-hidden="true"></span><span class="product-grid-cell_regular-price"></span></div><span class="product-grid-cell_main-price select-text">$3.59</span><span class="product-grid-cell_hidden-price"></span></div><span class="product-grid-cell_size select-text" role="link" data-block-spinner="true" data-product-id="135404">24.5 oz jar</span><span data-block-spinner="true" data-product-id="135404"><span class="product-grid-cell_unit select-text"> | $0.15 / oz</span></span><div class="buy-more-save-more_cta-grid-container"></div><div class="add-to-cart"><div class="add-to-cart_button"><button class="button button--add-to-cart" data-product-id="135404" data-price="3.59" data-cart-log-location="BROWSE_AISLES" data-persisted-quantity="0" data-other-information="{&quot;catPath&quot;:&quot;1,2098,2275&quot;,&quot;sale&quot;:false,&quot;newArrival&quot;:false,&quot;sponsored&quot;:false,&quot;includeContentTrackingInfo&quot;:true}">Add to Cart</button></div><span class="element-invisible" aria-live="assertive"></span></div></div><div class="spyglass-container"></div></li><li role="region" tabindex="-1" aria-label="Stop &amp; Shop Rainbow Slaw" class="product-cell product-grid-cell product-grid-cell--quad" data-id="80-&gt;224554" data-position="78"><div class="confirmation-wrapper confirmation-wrapper--hidden" id="confirmation-wrapper--224554"><div class="confirmation-whitewash"><div class="confirmation-dialog"><div class="confirmation-dialog_messages" tabindex="0"><h4 class="confirmation-dialog_message-headline">Remove This Item From Your Cart?</h4></div><div class="confirmation-dialog_action-container"><div class="confirmation-dialog_confirmation-button"><button class="button button--fourth" tabindex="0" data-product-id="224554" data-cart-log-location="BROWSE_AISLES" data-persisted-quantity="undefined" data-price="1.99">OK</button></div><div class="confirmation-dialog_cancel-button"><button class="button button--fourth" tabindex="0" data-product-id="224554">Cancel</button></div></div></div></div></div><div class="confirmation-wrapper" style="display: none;"><div class="confirmation-whitewash"></div></div><img src="./Produce_Packaged_Produce_Salads_files/5H6EB.jpg" alt="Stop &amp; Shop Rainbow Slaw" class="product-grid-cell_main-image" data-block-spinner="true" data-product-id="224554"><div class="product-grid-cell_price-tag"><div class="product-grid-cell_name" role="link" tabindex="0" data-block-spinner="true" data-product-id="224554"><h3 class="product-grid-cell_name-text select-text"><span class="vector-icon_inline-text--left"><div class="vector-icon_outer-wrapper"><div class="vector-icon_container vector-icon-size--xsmall"><svg version="1.1" x="0px" y="0px" focusable="false" viewBox="0 0 945 1024" class="" role="presentation" aria-hidden="true"><title>Ahold Wedge Icon</title><desc>Ahold Icon</desc><path d="M1.893 730.617c-1.289-2.094-2.052-4.631-2.052-7.346 0-0.747 0.058-1.481 0.169-2.197 0.158-12.396 10.227-22.466 22.687-22.634l895.306-0c12.476 0.168 22.545 10.237 22.713 22.698-0.521 3.721-1.182 6.924-2.024 10.053l0.131-0.574c-86.363 175.072-263.598 293.385-468.466 293.385s-382.103-118.313-467.105-290.339l-1.361-3.046z" class="path1" fill="rgb(247, 168, 0)"></path><path d="M107.889 132.495c1.893-1.893 1.893-3.786 3.786-5.678 2.98-3.491 7.385-5.69 12.303-5.69s9.323 2.199 12.284 5.668l0.019 0.022 476.983 476.983c3.491 2.98 5.69 7.385 5.69 12.303s-2.199 9.323-5.668 12.284c-1.399 1.869-3.361 3.216-5.631 3.789l-0.069 0.015c-38.446 13.732-82.796 21.669-129.001 21.669-108.416 0-206.626-43.699-277.977-114.443-70.367-71.826-113.809-170.317-113.809-278.955 0-45.803 7.722-89.803 21.936-130.767l-0.845 2.8z" class="path2" fill="rgb(226, 35, 26)"></path><path d="M600.015 1.893c1.247-1.204 2.948-1.946 4.822-1.946 0.302 0 0.6 0.019 0.891 0.057 0.057-0.006 0.164-0.007 0.272-0.007 7.15 0 12.947 5.796 12.947 12.947 0 0.108-0.001 0.215-0.004 0.322l0-0.016v503.482c0.002 0.091 0.004 0.199 0.004 0.306 0 7.15-5.796 12.947-12.947 12.947-0.108 0-0.215-0.001-0.322-0.004-0.241 0.034-0.539 0.053-0.841 0.053-1.874 0-3.574-0.742-4.824-1.948l0.002 0.002c-98.273-48.542-164.673-148.065-164.673-263.098s66.401-214.556 162.964-262.333l1.709-0.765z" class="path3" fill="rgb(113, 33, 119)"></path><path d="M938.824 283.919c1.893 0 1.893 1.893 3.786 1.893 1.765 2.012 2.841 4.666 2.841 7.571s-1.077 5.559-2.853 7.584l0.011-0.013-268.776 266.884c-2.012 1.765-4.666 2.841-7.571 2.841s-5.559-1.077-7.584-2.853c-1.144-0.651-1.911-1.879-1.911-3.285 0-0.172 0.012-0.342 0.034-0.508l-0.002 0.019c-7.681-21.529-12.12-46.363-12.12-72.235 0-61.263 24.891-116.712 65.111-156.786 39.326-39.792 93.895-64.431 154.219-64.431 26.857 0 52.573 4.884 76.309 13.812l-1.494-0.493z" class="path4" fill="rgb(130, 188, 0)"></path></svg></div></div></span>Stop &amp; Shop Rainbow Slaw</h3></div><div class="product-grid-cell_price-container" role="link" data-block-spinner="true" data-product-id="224554"><div class="product-grid-cell_regular-price-container"><span class="product-grid-cell_was" aria-hidden="true"></span><span class="product-grid-cell_regular-price"></span></div><span class="product-grid-cell_main-price select-text">$1.99</span><span class="product-grid-cell_hidden-price"></span></div><span class="product-grid-cell_size select-text" role="link" data-block-spinner="true" data-product-id="224554">12 oz bag</span><span data-block-spinner="true" data-product-id="224554"><span class="product-grid-cell_unit select-text"> | $0.17 / oz</span></span><div class="buy-more-save-more_cta-grid-container"></div><div class="add-to-cart"><div class="add-to-cart_button"><button class="button button--add-to-cart" data-product-id="224554" data-price="1.99" data-cart-log-location="BROWSE_AISLES" data-persisted-quantity="0" data-other-information="{&quot;catPath&quot;:&quot;1,2098,2275&quot;,&quot;sale&quot;:false,&quot;newArrival&quot;:false,&quot;sponsored&quot;:false,&quot;includeContentTrackingInfo&quot;:true}">Add to Cart</button></div><span class="element-invisible" aria-live="assertive"></span></div></div><div class="spyglass-container"></div></li><li role="region" tabindex="-1" aria-label="Nature&#39;s Promise Apple Red Slices Organic - 6 ct" class="product-cell product-grid-cell product-grid-cell--quad" data-id="81-&gt;215953" data-position="79"><div class="confirmation-wrapper confirmation-wrapper--hidden" id="confirmation-wrapper--215953"><div class="confirmation-whitewash"><div class="confirmation-dialog"><div class="confirmation-dialog_messages" tabindex="0"><h4 class="confirmation-dialog_message-headline">Remove This Item From Your Cart?</h4></div><div class="confirmation-dialog_action-container"><div class="confirmation-dialog_confirmation-button"><button class="button button--fourth" tabindex="0" data-product-id="215953" data-cart-log-location="BROWSE_AISLES" data-persisted-quantity="undefined" data-price="4.99">OK</button></div><div class="confirmation-dialog_cancel-button"><button class="button button--fourth" tabindex="0" data-product-id="215953">Cancel</button></div></div></div></div></div><div class="confirmation-wrapper" style="display: none;"><div class="confirmation-whitewash"></div></div><img src="./Produce_Packaged_Produce_Salads_files/BFIQR.jpg" alt="Nature&#39;s Promise Apple Red Slices Organic - 6 ct" class="product-grid-cell_main-image" data-block-spinner="true" data-product-id="215953"><div class="product-grid-cell_price-tag"><div class="product-grid-cell_name" role="link" tabindex="0" data-block-spinner="true" data-product-id="215953"><h3 class="product-grid-cell_name-text select-text"><span class="vector-icon_inline-text--left"><div class="vector-icon_outer-wrapper"><div class="vector-icon_container vector-icon-size--xsmall"><svg version="1.1" x="0px" y="0px" focusable="false" viewBox="0 0 945 1024" class="" role="presentation" aria-hidden="true"><title>Ahold Wedge Icon</title><desc>Ahold Icon</desc><path d="M1.893 730.617c-1.289-2.094-2.052-4.631-2.052-7.346 0-0.747 0.058-1.481 0.169-2.197 0.158-12.396 10.227-22.466 22.687-22.634l895.306-0c12.476 0.168 22.545 10.237 22.713 22.698-0.521 3.721-1.182 6.924-2.024 10.053l0.131-0.574c-86.363 175.072-263.598 293.385-468.466 293.385s-382.103-118.313-467.105-290.339l-1.361-3.046z" class="path1" fill="rgb(247, 168, 0)"></path><path d="M107.889 132.495c1.893-1.893 1.893-3.786 3.786-5.678 2.98-3.491 7.385-5.69 12.303-5.69s9.323 2.199 12.284 5.668l0.019 0.022 476.983 476.983c3.491 2.98 5.69 7.385 5.69 12.303s-2.199 9.323-5.668 12.284c-1.399 1.869-3.361 3.216-5.631 3.789l-0.069 0.015c-38.446 13.732-82.796 21.669-129.001 21.669-108.416 0-206.626-43.699-277.977-114.443-70.367-71.826-113.809-170.317-113.809-278.955 0-45.803 7.722-89.803 21.936-130.767l-0.845 2.8z" class="path2" fill="rgb(226, 35, 26)"></path><path d="M600.015 1.893c1.247-1.204 2.948-1.946 4.822-1.946 0.302 0 0.6 0.019 0.891 0.057 0.057-0.006 0.164-0.007 0.272-0.007 7.15 0 12.947 5.796 12.947 12.947 0 0.108-0.001 0.215-0.004 0.322l0-0.016v503.482c0.002 0.091 0.004 0.199 0.004 0.306 0 7.15-5.796 12.947-12.947 12.947-0.108 0-0.215-0.001-0.322-0.004-0.241 0.034-0.539 0.053-0.841 0.053-1.874 0-3.574-0.742-4.824-1.948l0.002 0.002c-98.273-48.542-164.673-148.065-164.673-263.098s66.401-214.556 162.964-262.333l1.709-0.765z" class="path3" fill="rgb(113, 33, 119)"></path><path d="M938.824 283.919c1.893 0 1.893 1.893 3.786 1.893 1.765 2.012 2.841 4.666 2.841 7.571s-1.077 5.559-2.853 7.584l0.011-0.013-268.776 266.884c-2.012 1.765-4.666 2.841-7.571 2.841s-5.559-1.077-7.584-2.853c-1.144-0.651-1.911-1.879-1.911-3.285 0-0.172 0.012-0.342 0.034-0.508l-0.002 0.019c-7.681-21.529-12.12-46.363-12.12-72.235 0-61.263 24.891-116.712 65.111-156.786 39.326-39.792 93.895-64.431 154.219-64.431 26.857 0 52.573 4.884 76.309 13.812l-1.494-0.493z" class="path4" fill="rgb(130, 188, 0)"></path></svg></div></div></span>Nature's Promise Apple Red Slices Organic - 6 ct</h3></div><div class="product-grid-cell_price-container" role="link" data-block-spinner="true" data-product-id="215953"><div class="product-grid-cell_regular-price-container"><span class="product-grid-cell_was" aria-hidden="true"></span><span class="product-grid-cell_regular-price"></span></div><span class="product-grid-cell_main-price select-text">$4.99</span><span class="product-grid-cell_hidden-price"></span></div><span class="product-grid-cell_size select-text" role="link" data-block-spinner="true" data-product-id="215953">12 oz pkg</span><span data-block-spinner="true" data-product-id="215953"><span class="product-grid-cell_unit select-text"> | $0.42 / oz</span></span><div class="buy-more-save-more_cta-grid-container"></div><div class="add-to-cart"><div class="add-to-cart_button"><button class="button button--add-to-cart" data-product-id="215953" data-price="4.99" data-cart-log-location="BROWSE_AISLES" data-persisted-quantity="0" data-other-information="{&quot;catPath&quot;:&quot;1,2098,2275&quot;,&quot;sale&quot;:false,&quot;newArrival&quot;:false,&quot;sponsored&quot;:false,&quot;includeContentTrackingInfo&quot;:true}">Add to Cart</button></div><span class="element-invisible" aria-live="assertive"></span></div></div><div class="spyglass-container"></div></li><li role="region" tabindex="-1" aria-label="Dole Premium Romaine Salad" class="product-cell product-grid-cell product-grid-cell--quad" data-id="82-&gt;220910" data-position="80"><div class="confirmation-wrapper confirmation-wrapper--hidden" id="confirmation-wrapper--220910"><div class="confirmation-whitewash"><div class="confirmation-dialog"><div class="confirmation-dialog_messages" tabindex="0"><h4 class="confirmation-dialog_message-headline">Remove This Item From Your Cart?</h4></div><div class="confirmation-dialog_action-container"><div class="confirmation-dialog_confirmation-button"><button class="button button--fourth" tabindex="0" data-product-id="220910" data-cart-log-location="BROWSE_AISLES" data-persisted-quantity="undefined" data-price="2.5">OK</button></div><div class="confirmation-dialog_cancel-button"><button class="button button--fourth" tabindex="0" data-product-id="220910">Cancel</button></div></div></div></div></div><div class="confirmation-wrapper" style="display: none;"><div class="confirmation-whitewash"></div></div><div class="item-detail_flag--outer-container"><div class="item-detail_flag--container"><div class="item-detail_flag--flag sale">Sale</div></div></div><img src="./Produce_Packaged_Produce_Salads_files/M8D7U.jpg" alt="Dole Premium Romaine Salad" class="product-grid-cell_main-image" data-block-spinner="true" data-product-id="220910"><div class="product-grid-cell_price-tag"><div class="product-grid-cell_name" role="link" tabindex="0" data-block-spinner="true" data-product-id="220910"><h3 class="product-grid-cell_name-text select-text">Dole Premium Romaine Salad</h3></div><div class="product-grid-cell_price-container" role="link" data-block-spinner="true" data-product-id="220910"><div class="product-grid-cell_regular-price-container"><span class="product-grid-cell_was" aria-hidden="true"></span><span class="product-grid-cell_regular-price"></span></div><span class="product-grid-cell_main-price select-text product-grid-cell_main-price--on-sale">$2.50</span><span class="product-grid-cell_hidden-price"></span></div><span class="product-grid-cell_size select-text" role="link" data-block-spinner="true" data-product-id="220910">9.5 oz bag</span><span data-block-spinner="true" data-product-id="220910"><span class="product-grid-cell_unit select-text"> | $0.26 / oz</span></span><div class="buy-more-save-more_cta-grid-container"></div><div class="add-to-cart"><div class="add-to-cart_button"><button class="button button--add-to-cart" data-product-id="220910" data-price="2.5" data-cart-log-location="BROWSE_AISLES" data-persisted-quantity="0" data-other-information="{&quot;catPath&quot;:&quot;1,2098,2275&quot;,&quot;sale&quot;:true,&quot;newArrival&quot;:false,&quot;sponsored&quot;:false,&quot;includeContentTrackingInfo&quot;:true}">Add to Cart</button></div><span class="element-invisible" aria-live="assertive"></span></div></div><div class="spyglass-container"></div></li><li><div collection-interweave-item="interwovenContent"><div generic-content-interweave-datasource="" data="interwovenContent.content.content" region="browse_aisles_shelf_content" class=""><div generic-content-region="" region="browse_aisles_shelf_content" interwoven="true"><div><div ng-class="methods.classForRegionSize(regionSize, ! content.model.contentData[ interwovenContent.content.region ], methods.contentLayouts(content.model.contentData[ interwovenContent.content.region ], regionSize).layout.length )" width-variable="regionSize" width-values="widthBreakpoints.defaultBreakpoints" class="generic-content_region-contents--medium"><!----><div ng-class="methods.classForContentItem(contentItem, $last, $first)" ng-repeat="contentItem in methods.contentLayouts(content.model.contentData[ interwovenContent.content.region ], regionSize).layout" class="generic-content_content-item--full-width generic-content_content-item--omega generic-content_content-item--alpha"><div class="generic-content_renderer" generic-content-renderer="contentItem"><div class="generic-content_renderer-contents" ng-class="{&#39;generic-content_renderer-contents--loading&#39; : state.preloading}" style=""><div ng-switch="" on="adContentWidth" content-interaction-tracker="" width-variable="adContentWidth" width-values="widthBreakpoints.defaultBreakpoints"><!----><!----><div ng-switch-default="" class="generic-content_content-item-table" quotient-ad-datasource=""><div class="adsense_wrapper adsense_wrapper--alpha generic-content_content-item-table-cell"><div class="adsense_container" quotient-ad="" classes="interwoven ? &#39;interweaved-content_leader interweaved-content_trailer&#39; : &#39;splash-page_ads-container&#39;" size="[728,90]" cat-tree-id="productData.category.categoryTreeId" keywords="productData.keywords"><div id="gpt-ad-126" class="interweaved-content_leader interweaved-content_trailer"></div></div></div></div><!----></div></div><div class="generic-content_renderer-animation-container animation-fade ng-hide" ng-hide="!state.preloading" style=""><div width-variable="contentSize" width-observer="contentMethods.contentWidthObserver" width-values="widthBreakpoints.defaultBreakpoints" class="generic-content_renderer-animation "></div></div></div></div><!----></div></div></div></div></div></li><li role="region" tabindex="-1" aria-label="Edamame Soybeans Shelled All Natural Fresh" class="product-cell product-grid-cell product-grid-cell--quad" data-id="84-&gt;112520" data-position="81"><div class="confirmation-wrapper confirmation-wrapper--hidden" id="confirmation-wrapper--112520"><div class="confirmation-whitewash"><div class="confirmation-dialog"><div class="confirmation-dialog_messages" tabindex="0"><h4 class="confirmation-dialog_message-headline">Remove This Item From Your Cart?</h4></div><div class="confirmation-dialog_action-container"><div class="confirmation-dialog_confirmation-button"><button class="button button--fourth" tabindex="0" data-product-id="112520" data-cart-log-location="BROWSE_AISLES" data-persisted-quantity="undefined" data-price="4.99">OK</button></div><div class="confirmation-dialog_cancel-button"><button class="button button--fourth" tabindex="0" data-product-id="112520">Cancel</button></div></div></div></div></div><div class="confirmation-wrapper" style="display: none;"><div class="confirmation-whitewash"></div></div><div class="vector-icon_absolute--left vector-icon_absolute--top buy-more-save-more_sticker-outer-container" aria-label="buy more save more" tabindex="0" role="link" data-pod-group="1184772" data-block-spinner="true"><span class="vector-icon_inline-text--left buy-more-save-more_link buy-more-save-more_view-deal-sticker"><div class="vector-icon_outer-wrapper"><div class="vector-icon_container vector-icon-size--xxlarge"><svg version="1.1" x="0px" y="0px" focusable="false" viewBox="0 0 1022 1024" class="vector-icon-color--bmsm" role="presentation" aria-hidden="true"><title>view deal icon</title><desc>vew deal icon</desc><path d="M882.478 520.133c0 179.904-164.594 325.744-367.631 325.744s-367.631-145.841-367.631-325.744c0-179.904 164.594-325.744 367.631-325.744s367.631 145.841 367.631 325.744z" class="path1" fill="rgb(255, 255, 255)"></path><path d="M1004.073 382.272c-40.667-15.047-79.708-29.687-119.968-44.734 14.64-40.667 28.467-80.114 43.107-122.002-44.734 0-86.621 0.407-130.135 0.407-1.627-43.514-2.847-84.994-4.473-129.728-41.074 14.64-80.114 28.874-121.188 43.514-16.674-37.414-33.347-74.421-50.834-113.461-33.347 28.060-64.661 54.901-96.788 82.148-30.094-29.28-59.374-58.154-89.468-87.841-19.52 38.634-37.82 74.421-56.934 111.835-39.041-17.080-76.454-33.754-115.902-51.241-4.88 44.734-9.76 87.028-14.234 129.728-42.701-2.847-83.774-5.287-127.695-7.727 12.2 42.294 23.18 82.554 34.974 124.035-40.667 13.827-79.301 27.247-120.375 41.074 25.62 34.974 50.427 68.321 75.641 102.888-33.347 28.060-65.881 55.307-100.041 83.774 37.82 22.774 73.608 43.921 108.988 65.068-20.334 37.82-40.261 74.421-61.001 112.241 42.701 8.947 84.994 17.894 128.102 26.84-7.32 42.701-14.234 82.554-21.147 124.442 45.141-7.32 85.808-14.234 128.508-21.147 8.947 42.294 17.080 82.148 25.62 124.442 38.634-23.994 74.828-46.767 111.835-69.541 24.807 36.6 47.987 71.168 72.794 107.768 25.62-34.974 50.021-67.914 75.234-101.668 36.194 23.587 70.761 46.361 107.768 70.761 11.387-41.887 22.367-82.148 32.94-122.408 43.921 10.98 84.994 21.147 129.322 32.127-4.473-44.734-8.54-85.808-12.607-128.508 41.074-5.693 81.741-10.98 124.848-17.080-16.267-33.754-30.094-65.474-46.361-95.568-9.353-17.487-8.54-26.84 11.387-35.787 30.094-13.42 58.561-30.5 89.061-46.767-31.72-31.314-61.814-60.187-92.315-90.281 27.247-32.94 53.274-64.254 81.334-97.601z" class="path2" fill="rgb(0, 0, 0)"></path><path d="M286.704 537.214l-85.808-114.275 30.907-8.54 63.441 88.248 7.727-108.581 30.907-8.54-13.014 142.335-34.16 9.353z" class="path3" fill="rgb(255, 255, 255)"></path><path d="M396.912 506.307l-36.194-128.102 27.247-7.727 36.194 128.102-27.247 7.727z" class="path4" fill="rgb(255, 255, 255)"></path><path d="M464.013 487.193l-36.194-128.102 90.688-25.62 6.913 23.994-63.441 17.894 7.727 26.84 62.221-17.487 6.913 23.994-62.221 17.487 8.133 29.28 63.441-17.894 6.913 23.994-91.095 25.62z" class="path5" fill="rgb(255, 255, 255)"></path><path d="M688.496 423.752l-47.174-81.741 2.44 94.348-28.874 8.133-72.794-117.935 30.5-8.54 48.801 86.214-2.033-99.228 21.147-6.1 50.427 85.808-3.66-99.228 30.5-8.54-0.407 138.675-28.874 8.133z" class="path6" fill="rgb(255, 255, 255)"></path><path d="M297.684 713.709l-36.194-128.102 50.427-14.234c40.261-11.387 75.234 6.507 86.214 44.734 10.98 39.041-9.76 71.981-49.614 83.368l-50.834 14.234zM370.478 623.835c-6.507-22.367-25.214-36.194-51.241-28.874l-23.587 6.507 22.774 80.114 23.18-6.507c25.214-6.507 34.974-29.28 28.874-51.241z" class="path7" fill="rgb(255, 255, 255)"></path><path d="M450.186 670.602l-36.194-128.102 90.688-25.62 6.913 23.994-63.441 17.894 7.727 26.84 62.221-17.487 6.913 23.994-62.221 17.487 8.133 29.28 63.441-17.894 6.913 23.994-91.095 25.62z" class="path8" fill="rgb(255, 255, 255)"></path><path d="M665.315 610.008l-14.234-19.52-54.901 15.454-2.033 23.994-30.907 8.54 13.014-142.335 34.16-9.76 85.808 114.275-30.907 9.353zM601.468 518.913l-4.473 61.001 39.854-11.387-35.38-49.614z" class="path9" fill="rgb(255, 255, 255)"></path><path d="M721.843 594.148l-36.194-128.102 27.654-7.727 29.28 104.108 54.087-15.454 6.913 23.994-81.741 23.18z" class="path10" fill="rgb(255, 255, 255)"></path></svg></div></div><span class="element-invisible">View items in deal</span></span></div><img src="./Produce_Packaged_Produce_Salads_files/6V66D.jpg" alt="Edamame Soybeans Shelled All Natural Fresh" class="product-grid-cell_main-image" data-block-spinner="true" data-product-id="112520"><div class="product-grid-cell_price-tag overlay--open" tabindex="0" aria-hidden="false"><div class="product-grid-cell_name" role="link" tabindex="0" data-block-spinner="true" data-product-id="112520"><h3 class="product-grid-cell_name-text select-text">Edamame Soybeans Shelled All Natural Fresh</h3></div><div class="product-grid-cell_price-container" role="link" data-block-spinner="true" data-product-id="112520"><div class="product-grid-cell_regular-price-container"><span class="product-grid-cell_was" aria-hidden="true"></span><span class="product-grid-cell_regular-price"></span></div><span class="product-grid-cell_main-price select-text">$4.99</span><span class="product-grid-cell_hidden-price"></span></div><span class="product-grid-cell_size select-text" role="link" data-block-spinner="true" data-product-id="112520">9 oz tub</span><span data-block-spinner="true" data-product-id="112520"><span class="product-grid-cell_unit select-text"> | $0.55 / oz</span></span><div class="buy-more-save-more_cta-grid-container" aria-label="Buy 2, $0.50 off ea" tabindex="0" role="link" data-pod-group="1184772" data-block-spinner="true"><span class="buy-more-save-more_cta buy-more-save-more_link">Buy 2, $0.50 off ea<span aria-hidden="true"></span></span></div><div class="add-to-cart"><div class="add-to-cart_button"><button class="button button--add-to-cart" data-product-id="112520" data-price="4.99" data-cart-log-location="BROWSE_AISLES" data-persisted-quantity="0" data-other-information="{&quot;catPath&quot;:&quot;1,2098,2275&quot;,&quot;sale&quot;:false,&quot;newArrival&quot;:false,&quot;sponsored&quot;:false,&quot;includeContentTrackingInfo&quot;:true}">Add to Cart</button></div><span class="element-invisible" aria-live="assertive"></span></div></div><div class="product-grid-cell_bulk-buy-container overlay--closed" tabindex="-1" aria-hidden="true"><bulk-buy-scroller other-information="otherInformation" on-close="onCloseBMSMOverlay()" product="product" cart-log-location="cartLogLocation" options="options" product-id="product.prodId"><!----><div ng-class="{&#39;bulk-buy-scroller_container--vertical&#39;: $ctrl.options.bulkBuyVerticalStyle}" class="bulk-buy-scroller_container bulk-buy-scroller_container--vertical" ng-if="$ctrl.shouldShowBulkBuy()"><!----><div class="bulk-buy-scroller_header-container" ng-if="$ctrl.isSIMQ() || (!$ctrl.isSIMQ() &amp;&amp; $ctrl.isShelf()) "><!----><h4 id="bulk-buy-scroller_heading--112520" class="bulk-buy-scroller_heading text-center" ng-class="{
            &#39;bulk-buy-scroller_heading--reverse&#39;: $ctrl.options.bulkBuyReverseStyle,
            &#39;text-center&#39;: $ctrl.isShelf()
        }">Buy More Save More</h4><!----><button ng-if="($ctrl.options.bulkBuyReverseStyle || $ctrl.options.bulkBuyVerticalStyle)" ng-click="$ctrl.close()" ng-class="{
            &#39;bulk-buy-scroller_close-button--reverse&#39;: $ctrl.options.bulkBuyReverseStyle,
            &#39;bulk-buy-scroller_close-button--vertical&#39;: $ctrl.options.bulkBuyVerticalStyle,
            &#39;button--white-no-border&#39;: $ctrl.state.currentQuantity === 0,
            &#39;button--lightest-grey&#39;: $ctrl.state.currentQuantity &gt; 0
            }" class="button bulk-buy-scroller_close-button bulk-buy-scroller_close-button--vertical button--white-no-border" aria-label="Close Promotion Options" tabindex="0"><div class="vector-icon_outer-wrapper" svg-id="icon_close" svg-class="vector-icon-color--dark-grey" container-class="vector-icon-size--xxsmall" svg-title="Close Icon" svg-description="X Icon" svg-role="presentation" svg-aria-hidden="true"><div class="vector-icon_container vector-icon-size--xxsmall"><svg version="1.1" x="0px" y="0px" focusable="false" viewBox="0 0 1024 1024" class="vector-icon-color--dark-grey" role="presentation" aria-hidden="true"><title>Close Icon</title><desc>X Icon</desc><path d="M20.685 1003.315c27.546 27.546 72.397 27.546 99.942 0l391.373-391.373 391.373 391.373c27.546 27.546 72.397 27.546 99.942 0s27.546-72.397 0-99.942l-391.373-391.373 391.373-391.373c27.546-27.546 27.546-72.397 0-99.942s-72.397-27.546-99.942 0l-391.373 391.373-391.373-391.373c-27.546-27.546-72.397-27.546-99.942 0s-27.546 72.397 0 99.942l391.373 391.373-391.373 391.373c-27.597 27.546-27.597 72.397 0 99.942z" class="path1"></path></svg></div></div></button><!----></div><!----><!----><div class="bulk-buy-scroller_mix-match-container bulk-buy-scroller_mix-match-container--vertical" ng-if="!$ctrl.isSIMQ() &amp;&amp; $ctrl.isShelf()" ng-class="{
            &#39;bulk-buy-scroller_mix-match-container--reverse&#39;: $ctrl.options.bulkBuyReverseStyle,
            &#39;bulk-buy-scroller_mix-match-container--vertical&#39;: $ctrl.options.bulkBuyVerticalStyle,
            &#39;bulk-buy-scroller_mix-match-container--normal&#39;: $ctrl.options.bulkBuyNormalStyle
        }"><button class="button bulk-buy-scroller_mix-match-button" ng-click="$ctrl.openProductGroup()" tabindex="0"><span class="bulk-buy-scroller_button-headline">Buy 2, $0.50 off ea</span> <span class="bulk-buy-scroller_button-cta">Mix &amp; Match Options </span></button></div><!----><!----><!----></div><!----></bulk-buy-scroller><div class="add-to-cart"><div class="add-to-cart_button"><button class="button button--add-to-cart" data-product-id="112520" data-price="4.99" data-cart-log-location="BROWSE_AISLES" data-persisted-quantity="0" data-other-information="{&quot;catPath&quot;:&quot;1,2098,2275&quot;,&quot;sale&quot;:false,&quot;newArrival&quot;:false,&quot;sponsored&quot;:false,&quot;includeContentTrackingInfo&quot;:true}">Add to Cart</button></div><span class="element-invisible" aria-live="assertive"></span></div></div><div class="spyglass-container"></div></li><li role="region" tabindex="-1" aria-label="Bolthouse Farms Classic Ranch Yogurt Dressing" class="product-cell product-grid-cell product-grid-cell--quad" data-id="85-&gt;151229" data-position="82"><div class="confirmation-wrapper confirmation-wrapper--hidden" id="confirmation-wrapper--151229"><div class="confirmation-whitewash"><div class="confirmation-dialog"><div class="confirmation-dialog_messages" tabindex="0"><h4 class="confirmation-dialog_message-headline">Remove This Item From Your Cart?</h4></div><div class="confirmation-dialog_action-container"><div class="confirmation-dialog_confirmation-button"><button class="button button--fourth" tabindex="0" data-product-id="151229" data-cart-log-location="BROWSE_AISLES" data-persisted-quantity="undefined" data-price="4.19">OK</button></div><div class="confirmation-dialog_cancel-button"><button class="button button--fourth" tabindex="0" data-product-id="151229">Cancel</button></div></div></div></div></div><div class="confirmation-wrapper" style="display: none;"><div class="confirmation-whitewash"></div></div><img src="./Produce_Packaged_Produce_Salads_files/QCKN4.jpg" alt="Bolthouse Farms Classic Ranch Yogurt Dressing" class="product-grid-cell_main-image" data-block-spinner="true" data-product-id="151229"><div class="product-grid-cell_price-tag"><div class="product-grid-cell_name" role="link" tabindex="0" data-block-spinner="true" data-product-id="151229"><h3 class="product-grid-cell_name-text select-text">Bolthouse Farms Classic Ranch Yogurt Dressing</h3></div><div class="product-grid-cell_price-container" role="link" data-block-spinner="true" data-product-id="151229"><div class="product-grid-cell_regular-price-container"><span class="product-grid-cell_was" aria-hidden="true"></span><span class="product-grid-cell_regular-price"></span></div><span class="product-grid-cell_main-price select-text">$4.19</span><span class="product-grid-cell_hidden-price"></span></div><span class="product-grid-cell_size select-text" role="link" data-block-spinner="true" data-product-id="151229">14 oz btl</span><span data-block-spinner="true" data-product-id="151229"><span class="product-grid-cell_unit select-text"> | $0.30 / oz</span></span><div class="buy-more-save-more_cta-grid-container"></div><div class="add-to-cart"><div class="add-to-cart_button"><button class="button button--add-to-cart" data-product-id="151229" data-price="4.19" data-cart-log-location="BROWSE_AISLES" data-persisted-quantity="0" data-other-information="{&quot;catPath&quot;:&quot;1,2098,2275&quot;,&quot;sale&quot;:false,&quot;newArrival&quot;:false,&quot;sponsored&quot;:false,&quot;includeContentTrackingInfo&quot;:true}">Add to Cart</button></div><span class="element-invisible" aria-live="assertive"></span></div></div><div class="spyglass-container"></div></li><li role="region" tabindex="-1" aria-label="Mann&#39;s Family Favorites Broccoli Wokly" class="product-cell product-grid-cell product-grid-cell--quad" data-id="86-&gt;228057" data-position="83"><div class="confirmation-wrapper confirmation-wrapper--hidden" id="confirmation-wrapper--228057"><div class="confirmation-whitewash"><div class="confirmation-dialog"><div class="confirmation-dialog_messages" tabindex="0"><h4 class="confirmation-dialog_message-headline">Remove This Item From Your Cart?</h4></div><div class="confirmation-dialog_action-container"><div class="confirmation-dialog_confirmation-button"><button class="button button--fourth" tabindex="0" data-product-id="228057" data-cart-log-location="BROWSE_AISLES" data-persisted-quantity="undefined" data-price="5.49">OK</button></div><div class="confirmation-dialog_cancel-button"><button class="button button--fourth" tabindex="0" data-product-id="228057">Cancel</button></div></div></div></div></div><div class="confirmation-wrapper" style="display: none;"><div class="confirmation-whitewash"></div></div><img src="./Produce_Packaged_Produce_Salads_files/36C2K.jpg" alt="Mann&#39;s Family Favorites Broccoli Wokly" class="product-grid-cell_main-image" data-block-spinner="true" data-product-id="228057"><div class="product-grid-cell_price-tag"><div class="product-grid-cell_name" role="link" tabindex="0" data-block-spinner="true" data-product-id="228057"><h3 class="product-grid-cell_name-text select-text">Mann's Family Favorites Broccoli Wokly</h3></div><div class="product-grid-cell_price-container" role="link" data-block-spinner="true" data-product-id="228057"><div class="product-grid-cell_regular-price-container"><span class="product-grid-cell_was" aria-hidden="true"></span><span class="product-grid-cell_regular-price"></span></div><span class="product-grid-cell_main-price select-text">$5.49</span><span class="product-grid-cell_hidden-price"></span></div><span class="product-grid-cell_size select-text" role="link" data-block-spinner="true" data-product-id="228057">32 oz bag</span><span data-block-spinner="true" data-product-id="228057"><span class="product-grid-cell_unit select-text"> | $0.17 / oz</span></span><div class="buy-more-save-more_cta-grid-container"></div><div class="add-to-cart"><div class="add-to-cart_button"><button class="button button--add-to-cart" data-product-id="228057" data-price="5.49" data-cart-log-location="BROWSE_AISLES" data-persisted-quantity="0" data-other-information="{&quot;catPath&quot;:&quot;1,2098,2275&quot;,&quot;sale&quot;:false,&quot;newArrival&quot;:false,&quot;sponsored&quot;:false,&quot;includeContentTrackingInfo&quot;:true}">Add to Cart</button></div><span class="element-invisible" aria-live="assertive"></span></div></div><div class="spyglass-container"></div></li><li role="region" tabindex="-1" aria-label="Stop &amp; Shop Baby Spinach Spring Mix" class="product-cell product-grid-cell product-grid-cell--quad" data-id="87-&gt;220913" data-position="84"><div class="confirmation-wrapper confirmation-wrapper--hidden" id="confirmation-wrapper--220913"><div class="confirmation-whitewash"><div class="confirmation-dialog"><div class="confirmation-dialog_messages" tabindex="0"><h4 class="confirmation-dialog_message-headline">Remove This Item From Your Cart?</h4></div><div class="confirmation-dialog_action-container"><div class="confirmation-dialog_confirmation-button"><button class="button button--fourth" tabindex="0" data-product-id="220913" data-cart-log-location="BROWSE_AISLES" data-persisted-quantity="undefined" data-price="2.5">OK</button></div><div class="confirmation-dialog_cancel-button"><button class="button button--fourth" tabindex="0" data-product-id="220913">Cancel</button></div></div></div></div></div><div class="confirmation-wrapper" style="display: none;"><div class="confirmation-whitewash"></div></div><div class="item-detail_flag--outer-container"><div class="item-detail_flag--container"><div class="item-detail_flag--flag sale">Sale</div></div></div><img src="./Produce_Packaged_Produce_Salads_files/3HDYL.jpg" alt="Stop &amp; Shop Baby Spinach Spring Mix" class="product-grid-cell_main-image" data-block-spinner="true" data-product-id="220913"><div class="product-grid-cell_price-tag"><div class="product-grid-cell_name" role="link" tabindex="0" data-block-spinner="true" data-product-id="220913"><h3 class="product-grid-cell_name-text select-text"><span class="vector-icon_inline-text--left"><div class="vector-icon_outer-wrapper"><div class="vector-icon_container vector-icon-size--xsmall"><svg version="1.1" x="0px" y="0px" focusable="false" viewBox="0 0 945 1024" class="" role="presentation" aria-hidden="true"><title>Ahold Wedge Icon</title><desc>Ahold Icon</desc><path d="M1.893 730.617c-1.289-2.094-2.052-4.631-2.052-7.346 0-0.747 0.058-1.481 0.169-2.197 0.158-12.396 10.227-22.466 22.687-22.634l895.306-0c12.476 0.168 22.545 10.237 22.713 22.698-0.521 3.721-1.182 6.924-2.024 10.053l0.131-0.574c-86.363 175.072-263.598 293.385-468.466 293.385s-382.103-118.313-467.105-290.339l-1.361-3.046z" class="path1" fill="rgb(247, 168, 0)"></path><path d="M107.889 132.495c1.893-1.893 1.893-3.786 3.786-5.678 2.98-3.491 7.385-5.69 12.303-5.69s9.323 2.199 12.284 5.668l0.019 0.022 476.983 476.983c3.491 2.98 5.69 7.385 5.69 12.303s-2.199 9.323-5.668 12.284c-1.399 1.869-3.361 3.216-5.631 3.789l-0.069 0.015c-38.446 13.732-82.796 21.669-129.001 21.669-108.416 0-206.626-43.699-277.977-114.443-70.367-71.826-113.809-170.317-113.809-278.955 0-45.803 7.722-89.803 21.936-130.767l-0.845 2.8z" class="path2" fill="rgb(226, 35, 26)"></path><path d="M600.015 1.893c1.247-1.204 2.948-1.946 4.822-1.946 0.302 0 0.6 0.019 0.891 0.057 0.057-0.006 0.164-0.007 0.272-0.007 7.15 0 12.947 5.796 12.947 12.947 0 0.108-0.001 0.215-0.004 0.322l0-0.016v503.482c0.002 0.091 0.004 0.199 0.004 0.306 0 7.15-5.796 12.947-12.947 12.947-0.108 0-0.215-0.001-0.322-0.004-0.241 0.034-0.539 0.053-0.841 0.053-1.874 0-3.574-0.742-4.824-1.948l0.002 0.002c-98.273-48.542-164.673-148.065-164.673-263.098s66.401-214.556 162.964-262.333l1.709-0.765z" class="path3" fill="rgb(113, 33, 119)"></path><path d="M938.824 283.919c1.893 0 1.893 1.893 3.786 1.893 1.765 2.012 2.841 4.666 2.841 7.571s-1.077 5.559-2.853 7.584l0.011-0.013-268.776 266.884c-2.012 1.765-4.666 2.841-7.571 2.841s-5.559-1.077-7.584-2.853c-1.144-0.651-1.911-1.879-1.911-3.285 0-0.172 0.012-0.342 0.034-0.508l-0.002 0.019c-7.681-21.529-12.12-46.363-12.12-72.235 0-61.263 24.891-116.712 65.111-156.786 39.326-39.792 93.895-64.431 154.219-64.431 26.857 0 52.573 4.884 76.309 13.812l-1.494-0.493z" class="path4" fill="rgb(130, 188, 0)"></path></svg></div></div></span>Stop &amp; Shop Baby Spinach Spring Mix</h3></div><div class="product-grid-cell_price-container" role="link" data-block-spinner="true" data-product-id="220913"><div class="product-grid-cell_regular-price-container"><span class="product-grid-cell_was" aria-hidden="true"></span><span class="product-grid-cell_regular-price"></span></div><span class="product-grid-cell_main-price select-text product-grid-cell_main-price--on-sale">$2.50</span><span class="product-grid-cell_hidden-price"></span></div><span class="product-grid-cell_size select-text" role="link" data-block-spinner="true" data-product-id="220913">5 oz bag</span><span data-block-spinner="true" data-product-id="220913"><span class="product-grid-cell_unit select-text"> | $0.50 / oz</span></span><div class="buy-more-save-more_cta-grid-container"></div><div class="add-to-cart"><div class="add-to-cart_button"><button class="button button--add-to-cart" data-product-id="220913" data-price="2.5" data-cart-log-location="BROWSE_AISLES" data-persisted-quantity="0" data-other-information="{&quot;catPath&quot;:&quot;1,2098,2275&quot;,&quot;sale&quot;:true,&quot;newArrival&quot;:false,&quot;sponsored&quot;:false,&quot;includeContentTrackingInfo&quot;:true}">Add to Cart</button></div><span class="element-invisible" aria-live="assertive"></span></div></div><div class="spyglass-container"></div></li><li role="region" tabindex="-1" aria-label="Stop &amp; Shop Kale" class="product-cell product-grid-cell product-grid-cell--quad" data-id="88-&gt;210639" data-position="85"><div class="confirmation-wrapper confirmation-wrapper--hidden" id="confirmation-wrapper--210639"><div class="confirmation-whitewash"><div class="confirmation-dialog"><div class="confirmation-dialog_messages" tabindex="0"><h4 class="confirmation-dialog_message-headline">Remove This Item From Your Cart?</h4></div><div class="confirmation-dialog_action-container"><div class="confirmation-dialog_confirmation-button"><button class="button button--fourth" tabindex="0" data-product-id="210639" data-cart-log-location="BROWSE_AISLES" data-persisted-quantity="undefined" data-price="4.19">OK</button></div><div class="confirmation-dialog_cancel-button"><button class="button button--fourth" tabindex="0" data-product-id="210639">Cancel</button></div></div></div></div></div><div class="confirmation-wrapper" style="display: none;"><div class="confirmation-whitewash"></div></div><img src="./Produce_Packaged_Produce_Salads_files/DB9M8.jpg" alt="Stop &amp; Shop Kale" class="product-grid-cell_main-image" data-block-spinner="true" data-product-id="210639"><div class="product-grid-cell_price-tag"><div class="product-grid-cell_name" role="link" tabindex="0" data-block-spinner="true" data-product-id="210639"><h3 class="product-grid-cell_name-text select-text"><span class="vector-icon_inline-text--left"><div class="vector-icon_outer-wrapper"><div class="vector-icon_container vector-icon-size--xsmall"><svg version="1.1" x="0px" y="0px" focusable="false" viewBox="0 0 945 1024" class="" role="presentation" aria-hidden="true"><title>Ahold Wedge Icon</title><desc>Ahold Icon</desc><path d="M1.893 730.617c-1.289-2.094-2.052-4.631-2.052-7.346 0-0.747 0.058-1.481 0.169-2.197 0.158-12.396 10.227-22.466 22.687-22.634l895.306-0c12.476 0.168 22.545 10.237 22.713 22.698-0.521 3.721-1.182 6.924-2.024 10.053l0.131-0.574c-86.363 175.072-263.598 293.385-468.466 293.385s-382.103-118.313-467.105-290.339l-1.361-3.046z" class="path1" fill="rgb(247, 168, 0)"></path><path d="M107.889 132.495c1.893-1.893 1.893-3.786 3.786-5.678 2.98-3.491 7.385-5.69 12.303-5.69s9.323 2.199 12.284 5.668l0.019 0.022 476.983 476.983c3.491 2.98 5.69 7.385 5.69 12.303s-2.199 9.323-5.668 12.284c-1.399 1.869-3.361 3.216-5.631 3.789l-0.069 0.015c-38.446 13.732-82.796 21.669-129.001 21.669-108.416 0-206.626-43.699-277.977-114.443-70.367-71.826-113.809-170.317-113.809-278.955 0-45.803 7.722-89.803 21.936-130.767l-0.845 2.8z" class="path2" fill="rgb(226, 35, 26)"></path><path d="M600.015 1.893c1.247-1.204 2.948-1.946 4.822-1.946 0.302 0 0.6 0.019 0.891 0.057 0.057-0.006 0.164-0.007 0.272-0.007 7.15 0 12.947 5.796 12.947 12.947 0 0.108-0.001 0.215-0.004 0.322l0-0.016v503.482c0.002 0.091 0.004 0.199 0.004 0.306 0 7.15-5.796 12.947-12.947 12.947-0.108 0-0.215-0.001-0.322-0.004-0.241 0.034-0.539 0.053-0.841 0.053-1.874 0-3.574-0.742-4.824-1.948l0.002 0.002c-98.273-48.542-164.673-148.065-164.673-263.098s66.401-214.556 162.964-262.333l1.709-0.765z" class="path3" fill="rgb(113, 33, 119)"></path><path d="M938.824 283.919c1.893 0 1.893 1.893 3.786 1.893 1.765 2.012 2.841 4.666 2.841 7.571s-1.077 5.559-2.853 7.584l0.011-0.013-268.776 266.884c-2.012 1.765-4.666 2.841-7.571 2.841s-5.559-1.077-7.584-2.853c-1.144-0.651-1.911-1.879-1.911-3.285 0-0.172 0.012-0.342 0.034-0.508l-0.002 0.019c-7.681-21.529-12.12-46.363-12.12-72.235 0-61.263 24.891-116.712 65.111-156.786 39.326-39.792 93.895-64.431 154.219-64.431 26.857 0 52.573 4.884 76.309 13.812l-1.494-0.493z" class="path4" fill="rgb(130, 188, 0)"></path></svg></div></div></span>Stop &amp; Shop Kale</h3></div><div class="product-grid-cell_price-container" role="link" data-block-spinner="true" data-product-id="210639"><div class="product-grid-cell_regular-price-container"><span class="product-grid-cell_was" aria-hidden="true"></span><span class="product-grid-cell_regular-price"></span></div><span class="product-grid-cell_main-price select-text">$4.19</span><span class="product-grid-cell_hidden-price"></span></div><span class="product-grid-cell_size select-text" role="link" data-block-spinner="true" data-product-id="210639">32 oz bag</span><span data-block-spinner="true" data-product-id="210639"><span class="product-grid-cell_unit select-text"> | $0.13 / oz</span></span><div class="buy-more-save-more_cta-grid-container"></div><div class="add-to-cart"><div class="add-to-cart_button"><button class="button button--add-to-cart" data-product-id="210639" data-price="4.19" data-cart-log-location="BROWSE_AISLES" data-persisted-quantity="0" data-other-information="{&quot;catPath&quot;:&quot;1,2098,2275&quot;,&quot;sale&quot;:false,&quot;newArrival&quot;:false,&quot;sponsored&quot;:false,&quot;includeContentTrackingInfo&quot;:true}">Add to Cart</button></div><span class="element-invisible" aria-live="assertive"></span></div></div><div class="spyglass-container"></div></li><li role="region" tabindex="-1" aria-label="Stop &amp; Shop Real Bacon Bits" class="product-cell product-grid-cell product-grid-cell--quad" data-id="89-&gt;221489" data-position="86"><div class="confirmation-wrapper confirmation-wrapper--hidden" id="confirmation-wrapper--221489"><div class="confirmation-whitewash"><div class="confirmation-dialog"><div class="confirmation-dialog_messages" tabindex="0"><h4 class="confirmation-dialog_message-headline">Remove This Item From Your Cart?</h4></div><div class="confirmation-dialog_action-container"><div class="confirmation-dialog_confirmation-button"><button class="button button--fourth" tabindex="0" data-product-id="221489" data-cart-log-location="BROWSE_AISLES" data-persisted-quantity="undefined" data-price="3.19">OK</button></div><div class="confirmation-dialog_cancel-button"><button class="button button--fourth" tabindex="0" data-product-id="221489">Cancel</button></div></div></div></div></div><div class="confirmation-wrapper" style="display: none;"><div class="confirmation-whitewash"></div></div><img src="./Produce_Packaged_Produce_Salads_files/4UQ1E.jpg" alt="Stop &amp; Shop Real Bacon Bits" class="product-grid-cell_main-image" data-block-spinner="true" data-product-id="221489"><div class="product-grid-cell_price-tag"><div class="product-grid-cell_name" role="link" tabindex="0" data-block-spinner="true" data-product-id="221489"><h3 class="product-grid-cell_name-text select-text"><span class="vector-icon_inline-text--left"><div class="vector-icon_outer-wrapper"><div class="vector-icon_container vector-icon-size--xsmall"><svg version="1.1" x="0px" y="0px" focusable="false" viewBox="0 0 945 1024" class="" role="presentation" aria-hidden="true"><title>Ahold Wedge Icon</title><desc>Ahold Icon</desc><path d="M1.893 730.617c-1.289-2.094-2.052-4.631-2.052-7.346 0-0.747 0.058-1.481 0.169-2.197 0.158-12.396 10.227-22.466 22.687-22.634l895.306-0c12.476 0.168 22.545 10.237 22.713 22.698-0.521 3.721-1.182 6.924-2.024 10.053l0.131-0.574c-86.363 175.072-263.598 293.385-468.466 293.385s-382.103-118.313-467.105-290.339l-1.361-3.046z" class="path1" fill="rgb(247, 168, 0)"></path><path d="M107.889 132.495c1.893-1.893 1.893-3.786 3.786-5.678 2.98-3.491 7.385-5.69 12.303-5.69s9.323 2.199 12.284 5.668l0.019 0.022 476.983 476.983c3.491 2.98 5.69 7.385 5.69 12.303s-2.199 9.323-5.668 12.284c-1.399 1.869-3.361 3.216-5.631 3.789l-0.069 0.015c-38.446 13.732-82.796 21.669-129.001 21.669-108.416 0-206.626-43.699-277.977-114.443-70.367-71.826-113.809-170.317-113.809-278.955 0-45.803 7.722-89.803 21.936-130.767l-0.845 2.8z" class="path2" fill="rgb(226, 35, 26)"></path><path d="M600.015 1.893c1.247-1.204 2.948-1.946 4.822-1.946 0.302 0 0.6 0.019 0.891 0.057 0.057-0.006 0.164-0.007 0.272-0.007 7.15 0 12.947 5.796 12.947 12.947 0 0.108-0.001 0.215-0.004 0.322l0-0.016v503.482c0.002 0.091 0.004 0.199 0.004 0.306 0 7.15-5.796 12.947-12.947 12.947-0.108 0-0.215-0.001-0.322-0.004-0.241 0.034-0.539 0.053-0.841 0.053-1.874 0-3.574-0.742-4.824-1.948l0.002 0.002c-98.273-48.542-164.673-148.065-164.673-263.098s66.401-214.556 162.964-262.333l1.709-0.765z" class="path3" fill="rgb(113, 33, 119)"></path><path d="M938.824 283.919c1.893 0 1.893 1.893 3.786 1.893 1.765 2.012 2.841 4.666 2.841 7.571s-1.077 5.559-2.853 7.584l0.011-0.013-268.776 266.884c-2.012 1.765-4.666 2.841-7.571 2.841s-5.559-1.077-7.584-2.853c-1.144-0.651-1.911-1.879-1.911-3.285 0-0.172 0.012-0.342 0.034-0.508l-0.002 0.019c-7.681-21.529-12.12-46.363-12.12-72.235 0-61.263 24.891-116.712 65.111-156.786 39.326-39.792 93.895-64.431 154.219-64.431 26.857 0 52.573 4.884 76.309 13.812l-1.494-0.493z" class="path4" fill="rgb(130, 188, 0)"></path></svg></div></div></span>Stop &amp; Shop Real Bacon Bits</h3></div><div class="product-grid-cell_price-container" role="link" data-block-spinner="true" data-product-id="221489"><div class="product-grid-cell_regular-price-container"><span class="product-grid-cell_was" aria-hidden="true"></span><span class="product-grid-cell_regular-price"></span></div><span class="product-grid-cell_main-price select-text">$3.19</span><span class="product-grid-cell_hidden-price"></span></div><span class="product-grid-cell_size select-text" role="link" data-block-spinner="true" data-product-id="221489">3 oz pkg</span><span data-block-spinner="true" data-product-id="221489"><span class="product-grid-cell_unit select-text"> | $1.06 / oz</span></span><div class="buy-more-save-more_cta-grid-container"></div><div class="add-to-cart"><div class="add-to-cart_button"><button class="button button--add-to-cart" data-product-id="221489" data-price="3.19" data-cart-log-location="BROWSE_AISLES" data-persisted-quantity="0" data-other-information="{&quot;catPath&quot;:&quot;1,2098,2275&quot;,&quot;sale&quot;:false,&quot;newArrival&quot;:false,&quot;sponsored&quot;:false,&quot;includeContentTrackingInfo&quot;:true}">Add to Cart</button></div><span class="element-invisible" aria-live="assertive"></span></div></div><div class="spyglass-container"></div></li><li role="region" tabindex="-1" aria-label="Stop &amp; Shop Garlic Peeled All Natural" class="product-cell product-grid-cell product-grid-cell--quad" data-id="90-&gt;210519" data-position="87"><div class="confirmation-wrapper confirmation-wrapper--hidden" id="confirmation-wrapper--210519"><div class="confirmation-whitewash"><div class="confirmation-dialog"><div class="confirmation-dialog_messages" tabindex="0"><h4 class="confirmation-dialog_message-headline">Remove This Item From Your Cart?</h4></div><div class="confirmation-dialog_action-container"><div class="confirmation-dialog_confirmation-button"><button class="button button--fourth" tabindex="0" data-product-id="210519" data-cart-log-location="BROWSE_AISLES" data-persisted-quantity="undefined" data-price="3.19">OK</button></div><div class="confirmation-dialog_cancel-button"><button class="button button--fourth" tabindex="0" data-product-id="210519">Cancel</button></div></div></div></div></div><div class="confirmation-wrapper" style="display: none;"><div class="confirmation-whitewash"></div></div><img src="./Produce_Packaged_Produce_Salads_files/7CNDH.jpg" alt="Stop &amp; Shop Garlic Peeled All Natural" class="product-grid-cell_main-image" data-block-spinner="true" data-product-id="210519"><div class="product-grid-cell_price-tag"><div class="product-grid-cell_name" role="link" tabindex="0" data-block-spinner="true" data-product-id="210519"><h3 class="product-grid-cell_name-text select-text"><span class="vector-icon_inline-text--left"><div class="vector-icon_outer-wrapper"><div class="vector-icon_container vector-icon-size--xsmall"><svg version="1.1" x="0px" y="0px" focusable="false" viewBox="0 0 945 1024" class="" role="presentation" aria-hidden="true"><title>Ahold Wedge Icon</title><desc>Ahold Icon</desc><path d="M1.893 730.617c-1.289-2.094-2.052-4.631-2.052-7.346 0-0.747 0.058-1.481 0.169-2.197 0.158-12.396 10.227-22.466 22.687-22.634l895.306-0c12.476 0.168 22.545 10.237 22.713 22.698-0.521 3.721-1.182 6.924-2.024 10.053l0.131-0.574c-86.363 175.072-263.598 293.385-468.466 293.385s-382.103-118.313-467.105-290.339l-1.361-3.046z" class="path1" fill="rgb(247, 168, 0)"></path><path d="M107.889 132.495c1.893-1.893 1.893-3.786 3.786-5.678 2.98-3.491 7.385-5.69 12.303-5.69s9.323 2.199 12.284 5.668l0.019 0.022 476.983 476.983c3.491 2.98 5.69 7.385 5.69 12.303s-2.199 9.323-5.668 12.284c-1.399 1.869-3.361 3.216-5.631 3.789l-0.069 0.015c-38.446 13.732-82.796 21.669-129.001 21.669-108.416 0-206.626-43.699-277.977-114.443-70.367-71.826-113.809-170.317-113.809-278.955 0-45.803 7.722-89.803 21.936-130.767l-0.845 2.8z" class="path2" fill="rgb(226, 35, 26)"></path><path d="M600.015 1.893c1.247-1.204 2.948-1.946 4.822-1.946 0.302 0 0.6 0.019 0.891 0.057 0.057-0.006 0.164-0.007 0.272-0.007 7.15 0 12.947 5.796 12.947 12.947 0 0.108-0.001 0.215-0.004 0.322l0-0.016v503.482c0.002 0.091 0.004 0.199 0.004 0.306 0 7.15-5.796 12.947-12.947 12.947-0.108 0-0.215-0.001-0.322-0.004-0.241 0.034-0.539 0.053-0.841 0.053-1.874 0-3.574-0.742-4.824-1.948l0.002 0.002c-98.273-48.542-164.673-148.065-164.673-263.098s66.401-214.556 162.964-262.333l1.709-0.765z" class="path3" fill="rgb(113, 33, 119)"></path><path d="M938.824 283.919c1.893 0 1.893 1.893 3.786 1.893 1.765 2.012 2.841 4.666 2.841 7.571s-1.077 5.559-2.853 7.584l0.011-0.013-268.776 266.884c-2.012 1.765-4.666 2.841-7.571 2.841s-5.559-1.077-7.584-2.853c-1.144-0.651-1.911-1.879-1.911-3.285 0-0.172 0.012-0.342 0.034-0.508l-0.002 0.019c-7.681-21.529-12.12-46.363-12.12-72.235 0-61.263 24.891-116.712 65.111-156.786 39.326-39.792 93.895-64.431 154.219-64.431 26.857 0 52.573 4.884 76.309 13.812l-1.494-0.493z" class="path4" fill="rgb(130, 188, 0)"></path></svg></div></div></span>Stop &amp; Shop Garlic Peeled All Natural</h3></div><div class="product-grid-cell_price-container" role="link" data-block-spinner="true" data-product-id="210519"><div class="product-grid-cell_regular-price-container"><span class="product-grid-cell_was" aria-hidden="true"></span><span class="product-grid-cell_regular-price"></span></div><span class="product-grid-cell_main-price select-text">$3.19</span><span class="product-grid-cell_hidden-price"></span></div><span class="product-grid-cell_size select-text" role="link" data-block-spinner="true" data-product-id="210519">6 oz pkg</span><span data-block-spinner="true" data-product-id="210519"><span class="product-grid-cell_unit select-text"> | $0.53 / oz</span></span><div class="buy-more-save-more_cta-grid-container"></div><div class="add-to-cart"><div class="add-to-cart_button"><button class="button button--add-to-cart" data-product-id="210519" data-price="3.19" data-cart-log-location="BROWSE_AISLES" data-persisted-quantity="0" data-other-information="{&quot;catPath&quot;:&quot;1,2098,2275&quot;,&quot;sale&quot;:false,&quot;newArrival&quot;:false,&quot;sponsored&quot;:false,&quot;includeContentTrackingInfo&quot;:true}">Add to Cart</button></div><span class="element-invisible" aria-live="assertive"></span></div></div><div class="spyglass-container"></div></li><li role="region" tabindex="-1" aria-label="Stop &amp; Shop Apples Red Slices" class="product-cell product-grid-cell product-grid-cell--quad" data-id="91-&gt;216218" data-position="88"><div class="confirmation-wrapper confirmation-wrapper--hidden" id="confirmation-wrapper--216218"><div class="confirmation-whitewash"><div class="confirmation-dialog"><div class="confirmation-dialog_messages" tabindex="0"><h4 class="confirmation-dialog_message-headline">Remove This Item From Your Cart?</h4></div><div class="confirmation-dialog_action-container"><div class="confirmation-dialog_confirmation-button"><button class="button button--fourth" tabindex="0" data-product-id="216218" data-cart-log-location="BROWSE_AISLES" data-persisted-quantity="undefined" data-price="4.99">OK</button></div><div class="confirmation-dialog_cancel-button"><button class="button button--fourth" tabindex="0" data-product-id="216218">Cancel</button></div></div></div></div></div><div class="confirmation-wrapper" style="display: none;"><div class="confirmation-whitewash"></div></div><img src="./Produce_Packaged_Produce_Salads_files/YQXBA.jpg" alt="Stop &amp; Shop Apples Red Slices" class="product-grid-cell_main-image" data-block-spinner="true" data-product-id="216218"><div class="product-grid-cell_price-tag"><div class="product-grid-cell_name" role="link" tabindex="0" data-block-spinner="true" data-product-id="216218"><h3 class="product-grid-cell_name-text select-text"><span class="vector-icon_inline-text--left"><div class="vector-icon_outer-wrapper"><div class="vector-icon_container vector-icon-size--xsmall"><svg version="1.1" x="0px" y="0px" focusable="false" viewBox="0 0 945 1024" class="" role="presentation" aria-hidden="true"><title>Ahold Wedge Icon</title><desc>Ahold Icon</desc><path d="M1.893 730.617c-1.289-2.094-2.052-4.631-2.052-7.346 0-0.747 0.058-1.481 0.169-2.197 0.158-12.396 10.227-22.466 22.687-22.634l895.306-0c12.476 0.168 22.545 10.237 22.713 22.698-0.521 3.721-1.182 6.924-2.024 10.053l0.131-0.574c-86.363 175.072-263.598 293.385-468.466 293.385s-382.103-118.313-467.105-290.339l-1.361-3.046z" class="path1" fill="rgb(247, 168, 0)"></path><path d="M107.889 132.495c1.893-1.893 1.893-3.786 3.786-5.678 2.98-3.491 7.385-5.69 12.303-5.69s9.323 2.199 12.284 5.668l0.019 0.022 476.983 476.983c3.491 2.98 5.69 7.385 5.69 12.303s-2.199 9.323-5.668 12.284c-1.399 1.869-3.361 3.216-5.631 3.789l-0.069 0.015c-38.446 13.732-82.796 21.669-129.001 21.669-108.416 0-206.626-43.699-277.977-114.443-70.367-71.826-113.809-170.317-113.809-278.955 0-45.803 7.722-89.803 21.936-130.767l-0.845 2.8z" class="path2" fill="rgb(226, 35, 26)"></path><path d="M600.015 1.893c1.247-1.204 2.948-1.946 4.822-1.946 0.302 0 0.6 0.019 0.891 0.057 0.057-0.006 0.164-0.007 0.272-0.007 7.15 0 12.947 5.796 12.947 12.947 0 0.108-0.001 0.215-0.004 0.322l0-0.016v503.482c0.002 0.091 0.004 0.199 0.004 0.306 0 7.15-5.796 12.947-12.947 12.947-0.108 0-0.215-0.001-0.322-0.004-0.241 0.034-0.539 0.053-0.841 0.053-1.874 0-3.574-0.742-4.824-1.948l0.002 0.002c-98.273-48.542-164.673-148.065-164.673-263.098s66.401-214.556 162.964-262.333l1.709-0.765z" class="path3" fill="rgb(113, 33, 119)"></path><path d="M938.824 283.919c1.893 0 1.893 1.893 3.786 1.893 1.765 2.012 2.841 4.666 2.841 7.571s-1.077 5.559-2.853 7.584l0.011-0.013-268.776 266.884c-2.012 1.765-4.666 2.841-7.571 2.841s-5.559-1.077-7.584-2.853c-1.144-0.651-1.911-1.879-1.911-3.285 0-0.172 0.012-0.342 0.034-0.508l-0.002 0.019c-7.681-21.529-12.12-46.363-12.12-72.235 0-61.263 24.891-116.712 65.111-156.786 39.326-39.792 93.895-64.431 154.219-64.431 26.857 0 52.573 4.884 76.309 13.812l-1.494-0.493z" class="path4" fill="rgb(130, 188, 0)"></path></svg></div></div></span>Stop &amp; Shop Apples Red Slices</h3></div><div class="product-grid-cell_price-container" role="link" data-block-spinner="true" data-product-id="216218"><div class="product-grid-cell_regular-price-container"><span class="product-grid-cell_was" aria-hidden="true"></span><span class="product-grid-cell_regular-price"></span></div><span class="product-grid-cell_main-price select-text">$4.99</span><span class="product-grid-cell_hidden-price"></span></div><span class="product-grid-cell_size select-text" role="link" data-block-spinner="true" data-product-id="216218">32 oz pkg</span><span data-block-spinner="true" data-product-id="216218"><span class="product-grid-cell_unit select-text"> | $0.16 / oz</span></span><div class="buy-more-save-more_cta-grid-container"></div><div class="add-to-cart"><div class="add-to-cart_button"><button class="button button--add-to-cart" data-product-id="216218" data-price="4.99" data-cart-log-location="BROWSE_AISLES" data-persisted-quantity="0" data-other-information="{&quot;catPath&quot;:&quot;1,2098,2275&quot;,&quot;sale&quot;:false,&quot;newArrival&quot;:false,&quot;sponsored&quot;:false,&quot;includeContentTrackingInfo&quot;:true}">Add to Cart</button></div><span class="element-invisible" aria-live="assertive"></span></div></div><div class="spyglass-container"></div></li><li role="region" tabindex="-1" aria-label="Dole Premium Salad Kit Southwest Salad" class="product-cell product-grid-cell product-grid-cell--quad" data-id="92-&gt;143149" data-position="89"><div class="confirmation-wrapper confirmation-wrapper--hidden" id="confirmation-wrapper--143149"><div class="confirmation-whitewash"><div class="confirmation-dialog"><div class="confirmation-dialog_messages" tabindex="0"><h4 class="confirmation-dialog_message-headline">Remove This Item From Your Cart?</h4></div><div class="confirmation-dialog_action-container"><div class="confirmation-dialog_confirmation-button"><button class="button button--fourth" tabindex="0" data-product-id="143149" data-cart-log-location="BROWSE_AISLES" data-persisted-quantity="undefined" data-price="3.59">OK</button></div><div class="confirmation-dialog_cancel-button"><button class="button button--fourth" tabindex="0" data-product-id="143149">Cancel</button></div></div></div></div></div><div class="confirmation-wrapper" style="display: none;"><div class="confirmation-whitewash"></div></div><img src="./Produce_Packaged_Produce_Salads_files/F2KVM.jpg" alt="Dole Premium Salad Kit Southwest Salad" class="product-grid-cell_main-image" data-block-spinner="true" data-product-id="143149"><div class="product-grid-cell_price-tag"><div class="product-grid-cell_name" role="link" tabindex="0" data-block-spinner="true" data-product-id="143149"><h3 class="product-grid-cell_name-text select-text">Dole Premium Salad Kit Southwest Salad</h3></div><div class="product-grid-cell_price-container" role="link" data-block-spinner="true" data-product-id="143149"><div class="product-grid-cell_regular-price-container"><span class="product-grid-cell_was" aria-hidden="true"></span><span class="product-grid-cell_regular-price"></span></div><span class="product-grid-cell_main-price select-text">$3.59</span><span class="product-grid-cell_hidden-price"></span></div><span class="product-grid-cell_size select-text" role="link" data-block-spinner="true" data-product-id="143149">12.8 oz bag</span><span data-block-spinner="true" data-product-id="143149"><span class="product-grid-cell_unit select-text"> | $0.28 / oz</span></span><div class="buy-more-save-more_cta-grid-container"></div><div class="add-to-cart"><div class="add-to-cart_button"><button class="button button--add-to-cart" data-product-id="143149" data-price="3.59" data-cart-log-location="BROWSE_AISLES" data-persisted-quantity="0" data-other-information="{&quot;catPath&quot;:&quot;1,2098,2275&quot;,&quot;sale&quot;:false,&quot;newArrival&quot;:false,&quot;sponsored&quot;:false,&quot;includeContentTrackingInfo&quot;:true}">Add to Cart</button></div><span class="element-invisible" aria-live="assertive"></span></div></div><div class="spyglass-container"></div></li><li role="region" tabindex="-1" aria-label="Chatham Village Croutons Caesar" class="product-cell product-grid-cell product-grid-cell--quad" data-id="93-&gt;42961" data-position="90"><div class="confirmation-wrapper confirmation-wrapper--hidden" id="confirmation-wrapper--42961"><div class="confirmation-whitewash"><div class="confirmation-dialog"><div class="confirmation-dialog_messages" tabindex="0"><h4 class="confirmation-dialog_message-headline">Remove This Item From Your Cart?</h4></div><div class="confirmation-dialog_action-container"><div class="confirmation-dialog_confirmation-button"><button class="button button--fourth" tabindex="0" data-product-id="42961" data-cart-log-location="BROWSE_AISLES" data-persisted-quantity="undefined" data-price="2.09">OK</button></div><div class="confirmation-dialog_cancel-button"><button class="button button--fourth" tabindex="0" data-product-id="42961">Cancel</button></div></div></div></div></div><div class="confirmation-wrapper" style="display: none;"><div class="confirmation-whitewash"></div></div><img src="./Produce_Packaged_Produce_Salads_files/INI8X.jpg" alt="Chatham Village Croutons Caesar" class="product-grid-cell_main-image" data-block-spinner="true" data-product-id="42961"><div class="product-grid-cell_price-tag"><div class="product-grid-cell_name" role="link" tabindex="0" data-block-spinner="true" data-product-id="42961"><h3 class="product-grid-cell_name-text select-text">Chatham Village Croutons Caesar</h3></div><div class="product-grid-cell_price-container" role="link" data-block-spinner="true" data-product-id="42961"><div class="product-grid-cell_regular-price-container"><span class="product-grid-cell_was" aria-hidden="true"></span><span class="product-grid-cell_regular-price"></span></div><span class="product-grid-cell_main-price select-text">$2.09</span><span class="product-grid-cell_hidden-price"></span></div><span class="product-grid-cell_size select-text" role="link" data-block-spinner="true" data-product-id="42961">5 oz bag</span><span data-block-spinner="true" data-product-id="42961"><span class="product-grid-cell_unit select-text"> | $0.42 / oz</span></span><div class="buy-more-save-more_cta-grid-container"></div><div class="add-to-cart"><div class="add-to-cart_button"><button class="button button--add-to-cart" data-product-id="42961" data-price="2.09" data-cart-log-location="BROWSE_AISLES" data-persisted-quantity="0" data-other-information="{&quot;catPath&quot;:&quot;1,2098,2275&quot;,&quot;sale&quot;:false,&quot;newArrival&quot;:false,&quot;sponsored&quot;:false,&quot;includeContentTrackingInfo&quot;:true}">Add to Cart</button></div><span class="element-invisible" aria-live="assertive"></span></div></div><div class="spyglass-container"></div></li><li role="region" tabindex="-1" aria-label="Stop &amp; Shop Garlic Minced in Water" class="product-cell product-grid-cell product-grid-cell--quad" data-id="94-&gt;195369" data-position="91"><div class="confirmation-wrapper confirmation-wrapper--hidden" id="confirmation-wrapper--195369"><div class="confirmation-whitewash"><div class="confirmation-dialog"><div class="confirmation-dialog_messages" tabindex="0"><h4 class="confirmation-dialog_message-headline">Remove This Item From Your Cart?</h4></div><div class="confirmation-dialog_action-container"><div class="confirmation-dialog_confirmation-button"><button class="button button--fourth" tabindex="0" data-product-id="195369" data-cart-log-location="BROWSE_AISLES" data-persisted-quantity="undefined" data-price="6.19">OK</button></div><div class="confirmation-dialog_cancel-button"><button class="button button--fourth" tabindex="0" data-product-id="195369">Cancel</button></div></div></div></div></div><div class="confirmation-wrapper" style="display: none;"><div class="confirmation-whitewash"></div></div><img src="./Produce_Packaged_Produce_Salads_files/CLRVL.jpg" alt="Stop &amp; Shop Garlic Minced in Water" class="product-grid-cell_main-image" data-block-spinner="true" data-product-id="195369"><div class="product-grid-cell_price-tag"><div class="product-grid-cell_name" role="link" tabindex="0" data-block-spinner="true" data-product-id="195369"><h3 class="product-grid-cell_name-text select-text"><span class="vector-icon_inline-text--left"><div class="vector-icon_outer-wrapper"><div class="vector-icon_container vector-icon-size--xsmall"><svg version="1.1" x="0px" y="0px" focusable="false" viewBox="0 0 945 1024" class="" role="presentation" aria-hidden="true"><title>Ahold Wedge Icon</title><desc>Ahold Icon</desc><path d="M1.893 730.617c-1.289-2.094-2.052-4.631-2.052-7.346 0-0.747 0.058-1.481 0.169-2.197 0.158-12.396 10.227-22.466 22.687-22.634l895.306-0c12.476 0.168 22.545 10.237 22.713 22.698-0.521 3.721-1.182 6.924-2.024 10.053l0.131-0.574c-86.363 175.072-263.598 293.385-468.466 293.385s-382.103-118.313-467.105-290.339l-1.361-3.046z" class="path1" fill="rgb(247, 168, 0)"></path><path d="M107.889 132.495c1.893-1.893 1.893-3.786 3.786-5.678 2.98-3.491 7.385-5.69 12.303-5.69s9.323 2.199 12.284 5.668l0.019 0.022 476.983 476.983c3.491 2.98 5.69 7.385 5.69 12.303s-2.199 9.323-5.668 12.284c-1.399 1.869-3.361 3.216-5.631 3.789l-0.069 0.015c-38.446 13.732-82.796 21.669-129.001 21.669-108.416 0-206.626-43.699-277.977-114.443-70.367-71.826-113.809-170.317-113.809-278.955 0-45.803 7.722-89.803 21.936-130.767l-0.845 2.8z" class="path2" fill="rgb(226, 35, 26)"></path><path d="M600.015 1.893c1.247-1.204 2.948-1.946 4.822-1.946 0.302 0 0.6 0.019 0.891 0.057 0.057-0.006 0.164-0.007 0.272-0.007 7.15 0 12.947 5.796 12.947 12.947 0 0.108-0.001 0.215-0.004 0.322l0-0.016v503.482c0.002 0.091 0.004 0.199 0.004 0.306 0 7.15-5.796 12.947-12.947 12.947-0.108 0-0.215-0.001-0.322-0.004-0.241 0.034-0.539 0.053-0.841 0.053-1.874 0-3.574-0.742-4.824-1.948l0.002 0.002c-98.273-48.542-164.673-148.065-164.673-263.098s66.401-214.556 162.964-262.333l1.709-0.765z" class="path3" fill="rgb(113, 33, 119)"></path><path d="M938.824 283.919c1.893 0 1.893 1.893 3.786 1.893 1.765 2.012 2.841 4.666 2.841 7.571s-1.077 5.559-2.853 7.584l0.011-0.013-268.776 266.884c-2.012 1.765-4.666 2.841-7.571 2.841s-5.559-1.077-7.584-2.853c-1.144-0.651-1.911-1.879-1.911-3.285 0-0.172 0.012-0.342 0.034-0.508l-0.002 0.019c-7.681-21.529-12.12-46.363-12.12-72.235 0-61.263 24.891-116.712 65.111-156.786 39.326-39.792 93.895-64.431 154.219-64.431 26.857 0 52.573 4.884 76.309 13.812l-1.494-0.493z" class="path4" fill="rgb(130, 188, 0)"></path></svg></div></div></span>Stop &amp; Shop Garlic Minced in Water</h3></div><div class="product-grid-cell_price-container" role="link" data-block-spinner="true" data-product-id="195369"><div class="product-grid-cell_regular-price-container"><span class="product-grid-cell_was" aria-hidden="true"></span><span class="product-grid-cell_regular-price"></span></div><span class="product-grid-cell_main-price select-text">$6.19</span><span class="product-grid-cell_hidden-price"></span></div><span class="product-grid-cell_size select-text" role="link" data-block-spinner="true" data-product-id="195369">32 oz jar</span><span data-block-spinner="true" data-product-id="195369"><span class="product-grid-cell_unit select-text"> | $0.19 / oz</span></span><div class="buy-more-save-more_cta-grid-container"></div><div class="add-to-cart"><div class="add-to-cart_button"><button class="button button--add-to-cart" data-product-id="195369" data-price="6.19" data-cart-log-location="BROWSE_AISLES" data-persisted-quantity="0" data-other-information="{&quot;catPath&quot;:&quot;1,2098,2275&quot;,&quot;sale&quot;:false,&quot;newArrival&quot;:false,&quot;sponsored&quot;:false,&quot;includeContentTrackingInfo&quot;:true}">Add to Cart</button></div><span class="element-invisible" aria-live="assertive"></span></div></div><div class="spyglass-container"></div></li><li role="region" tabindex="-1" aria-label="Stop &amp; Shop Salad Bowl Santa Fe" class="product-cell product-grid-cell product-grid-cell--quad" data-id="95-&gt;226284" data-position="92"><div class="confirmation-wrapper confirmation-wrapper--hidden" id="confirmation-wrapper--226284"><div class="confirmation-whitewash"><div class="confirmation-dialog"><div class="confirmation-dialog_messages" tabindex="0"><h4 class="confirmation-dialog_message-headline">Remove This Item From Your Cart?</h4></div><div class="confirmation-dialog_action-container"><div class="confirmation-dialog_confirmation-button"><button class="button button--fourth" tabindex="0" data-product-id="226284" data-cart-log-location="BROWSE_AISLES" data-persisted-quantity="undefined" data-price="3.5">OK</button></div><div class="confirmation-dialog_cancel-button"><button class="button button--fourth" tabindex="0" data-product-id="226284">Cancel</button></div></div></div></div></div><div class="confirmation-wrapper" style="display: none;"><div class="confirmation-whitewash"></div></div><img src="./Produce_Packaged_Produce_Salads_files/W8YTU.jpg" alt="Stop &amp; Shop Salad Bowl Santa Fe" class="product-grid-cell_main-image" data-block-spinner="true" data-product-id="226284"><div class="product-grid-cell_price-tag"><div class="product-grid-cell_name" role="link" tabindex="0" data-block-spinner="true" data-product-id="226284"><h3 class="product-grid-cell_name-text select-text"><span class="vector-icon_inline-text--left"><div class="vector-icon_outer-wrapper"><div class="vector-icon_container vector-icon-size--xsmall"><svg version="1.1" x="0px" y="0px" focusable="false" viewBox="0 0 945 1024" class="" role="presentation" aria-hidden="true"><title>Ahold Wedge Icon</title><desc>Ahold Icon</desc><path d="M1.893 730.617c-1.289-2.094-2.052-4.631-2.052-7.346 0-0.747 0.058-1.481 0.169-2.197 0.158-12.396 10.227-22.466 22.687-22.634l895.306-0c12.476 0.168 22.545 10.237 22.713 22.698-0.521 3.721-1.182 6.924-2.024 10.053l0.131-0.574c-86.363 175.072-263.598 293.385-468.466 293.385s-382.103-118.313-467.105-290.339l-1.361-3.046z" class="path1" fill="rgb(247, 168, 0)"></path><path d="M107.889 132.495c1.893-1.893 1.893-3.786 3.786-5.678 2.98-3.491 7.385-5.69 12.303-5.69s9.323 2.199 12.284 5.668l0.019 0.022 476.983 476.983c3.491 2.98 5.69 7.385 5.69 12.303s-2.199 9.323-5.668 12.284c-1.399 1.869-3.361 3.216-5.631 3.789l-0.069 0.015c-38.446 13.732-82.796 21.669-129.001 21.669-108.416 0-206.626-43.699-277.977-114.443-70.367-71.826-113.809-170.317-113.809-278.955 0-45.803 7.722-89.803 21.936-130.767l-0.845 2.8z" class="path2" fill="rgb(226, 35, 26)"></path><path d="M600.015 1.893c1.247-1.204 2.948-1.946 4.822-1.946 0.302 0 0.6 0.019 0.891 0.057 0.057-0.006 0.164-0.007 0.272-0.007 7.15 0 12.947 5.796 12.947 12.947 0 0.108-0.001 0.215-0.004 0.322l0-0.016v503.482c0.002 0.091 0.004 0.199 0.004 0.306 0 7.15-5.796 12.947-12.947 12.947-0.108 0-0.215-0.001-0.322-0.004-0.241 0.034-0.539 0.053-0.841 0.053-1.874 0-3.574-0.742-4.824-1.948l0.002 0.002c-98.273-48.542-164.673-148.065-164.673-263.098s66.401-214.556 162.964-262.333l1.709-0.765z" class="path3" fill="rgb(113, 33, 119)"></path><path d="M938.824 283.919c1.893 0 1.893 1.893 3.786 1.893 1.765 2.012 2.841 4.666 2.841 7.571s-1.077 5.559-2.853 7.584l0.011-0.013-268.776 266.884c-2.012 1.765-4.666 2.841-7.571 2.841s-5.559-1.077-7.584-2.853c-1.144-0.651-1.911-1.879-1.911-3.285 0-0.172 0.012-0.342 0.034-0.508l-0.002 0.019c-7.681-21.529-12.12-46.363-12.12-72.235 0-61.263 24.891-116.712 65.111-156.786 39.326-39.792 93.895-64.431 154.219-64.431 26.857 0 52.573 4.884 76.309 13.812l-1.494-0.493z" class="path4" fill="rgb(130, 188, 0)"></path></svg></div></div></span>Stop &amp; Shop Salad Bowl Santa Fe</h3></div><div class="product-grid-cell_price-container" role="link" data-block-spinner="true" data-product-id="226284"><div class="product-grid-cell_regular-price-container"><span class="product-grid-cell_was" aria-hidden="true"></span><span class="product-grid-cell_regular-price"></span></div><span class="product-grid-cell_main-price select-text">$3.50</span><span class="product-grid-cell_hidden-price"></span></div><span class="product-grid-cell_size select-text" role="link" data-block-spinner="true" data-product-id="226284">6.25 oz bwl</span><span data-block-spinner="true" data-product-id="226284"><span class="product-grid-cell_unit select-text"> | $0.56 / oz</span></span><div class="buy-more-save-more_cta-grid-container"></div><div class="add-to-cart"><div class="add-to-cart_button"><button class="button button--add-to-cart" data-product-id="226284" data-price="3.5" data-cart-log-location="BROWSE_AISLES" data-persisted-quantity="0" data-other-information="{&quot;catPath&quot;:&quot;1,2098,2275&quot;,&quot;sale&quot;:false,&quot;newArrival&quot;:false,&quot;sponsored&quot;:false,&quot;includeContentTrackingInfo&quot;:true}">Add to Cart</button></div><span class="element-invisible" aria-live="assertive"></span></div></div><div class="spyglass-container"></div></li><li role="region" tabindex="-1" aria-label="Marie&#39;s Dressing + Dip Chunky Blue Cheese Gluten Free" class="product-cell product-grid-cell product-grid-cell--quad" data-id="96-&gt;7194" data-position="93"><div class="confirmation-wrapper confirmation-wrapper--hidden" id="confirmation-wrapper--7194"><div class="confirmation-whitewash"><div class="confirmation-dialog"><div class="confirmation-dialog_messages" tabindex="0"><h4 class="confirmation-dialog_message-headline">Remove This Item From Your Cart?</h4></div><div class="confirmation-dialog_action-container"><div class="confirmation-dialog_confirmation-button"><button class="button button--fourth" tabindex="0" data-product-id="7194" data-cart-log-location="BROWSE_AISLES" data-persisted-quantity="undefined" data-price="4.19">OK</button></div><div class="confirmation-dialog_cancel-button"><button class="button button--fourth" tabindex="0" data-product-id="7194">Cancel</button></div></div></div></div></div><div class="confirmation-wrapper" style="display: none;"><div class="confirmation-whitewash"></div></div><img src="./Produce_Packaged_Produce_Salads_files/MJDQ9.jpg" alt="Marie&#39;s Dressing + Dip Chunky Blue Cheese Gluten Free" class="product-grid-cell_main-image" data-block-spinner="true" data-product-id="7194"><div class="product-grid-cell_price-tag"><div class="product-grid-cell_name" role="link" tabindex="0" data-block-spinner="true" data-product-id="7194"><h3 class="product-grid-cell_name-text select-text">Marie's Dressing + Dip Chunky Blue Cheese Gluten Free</h3></div><div class="product-grid-cell_price-container" role="link" data-block-spinner="true" data-product-id="7194"><div class="product-grid-cell_regular-price-container"><span class="product-grid-cell_was" aria-hidden="true"></span><span class="product-grid-cell_regular-price"></span></div><span class="product-grid-cell_main-price select-text">$4.19</span><span class="product-grid-cell_hidden-price"></span></div><span class="product-grid-cell_size select-text" role="link" data-block-spinner="true" data-product-id="7194">12 oz jar</span><span data-block-spinner="true" data-product-id="7194"><span class="product-grid-cell_unit select-text"> | $0.35 / oz</span></span><div class="buy-more-save-more_cta-grid-container"></div><div class="add-to-cart"><div class="add-to-cart_button"><button class="button button--add-to-cart" data-product-id="7194" data-price="4.19" data-cart-log-location="BROWSE_AISLES" data-persisted-quantity="0" data-other-information="{&quot;catPath&quot;:&quot;1,2098,2275&quot;,&quot;sale&quot;:false,&quot;newArrival&quot;:false,&quot;sponsored&quot;:false,&quot;includeContentTrackingInfo&quot;:true}">Add to Cart</button></div><span class="element-invisible" aria-live="assertive"></span></div></div><div class="spyglass-container"></div></li><li role="region" tabindex="-1" aria-label="Dole Chopped Salad Kit Greek" class="product-cell product-grid-cell product-grid-cell--quad" data-id="97-&gt;225190" data-position="94"><div class="confirmation-wrapper confirmation-wrapper--hidden" id="confirmation-wrapper--225190"><div class="confirmation-whitewash"><div class="confirmation-dialog"><div class="confirmation-dialog_messages" tabindex="0"><h4 class="confirmation-dialog_message-headline">Remove This Item From Your Cart?</h4></div><div class="confirmation-dialog_action-container"><div class="confirmation-dialog_confirmation-button"><button class="button button--fourth" tabindex="0" data-product-id="225190" data-cart-log-location="BROWSE_AISLES" data-persisted-quantity="undefined" data-price="3.59">OK</button></div><div class="confirmation-dialog_cancel-button"><button class="button button--fourth" tabindex="0" data-product-id="225190">Cancel</button></div></div></div></div></div><div class="confirmation-wrapper" style="display: none;"><div class="confirmation-whitewash"></div></div><img src="./Produce_Packaged_Produce_Salads_files/XGWSI.jpg" alt="Dole Chopped Salad Kit Greek" class="product-grid-cell_main-image" data-block-spinner="true" data-product-id="225190"><div class="product-grid-cell_price-tag"><div class="product-grid-cell_name" role="link" tabindex="0" data-block-spinner="true" data-product-id="225190"><h3 class="product-grid-cell_name-text select-text">Dole Chopped Salad Kit Greek</h3></div><div class="product-grid-cell_price-container" role="link" data-block-spinner="true" data-product-id="225190"><div class="product-grid-cell_regular-price-container"><span class="product-grid-cell_was" aria-hidden="true"></span><span class="product-grid-cell_regular-price"></span></div><span class="product-grid-cell_main-price select-text">$3.59</span><span class="product-grid-cell_hidden-price"></span></div><span class="product-grid-cell_size select-text" role="link" data-block-spinner="true" data-product-id="225190">10.3 oz bag</span><span data-block-spinner="true" data-product-id="225190"><span class="product-grid-cell_unit select-text"> | $0.35 / oz</span></span><div class="buy-more-save-more_cta-grid-container"></div><div class="add-to-cart"><div class="add-to-cart_button"><button class="button button--add-to-cart" data-product-id="225190" data-price="3.59" data-cart-log-location="BROWSE_AISLES" data-persisted-quantity="0" data-other-information="{&quot;catPath&quot;:&quot;1,2098,2275&quot;,&quot;sale&quot;:false,&quot;newArrival&quot;:false,&quot;sponsored&quot;:false,&quot;includeContentTrackingInfo&quot;:true}">Add to Cart</button></div><span class="element-invisible" aria-live="assertive"></span></div></div><div class="spyglass-container"></div></li><li role="region" tabindex="-1" aria-label="Olivia&#39;s Organics Microwave Spinach" class="product-cell product-grid-cell product-grid-cell--quad" data-id="98-&gt;206291" data-position="95"><div class="confirmation-wrapper confirmation-wrapper--hidden" id="confirmation-wrapper--206291"><div class="confirmation-whitewash"><div class="confirmation-dialog"><div class="confirmation-dialog_messages" tabindex="0"><h4 class="confirmation-dialog_message-headline">Remove This Item From Your Cart?</h4></div><div class="confirmation-dialog_action-container"><div class="confirmation-dialog_confirmation-button"><button class="button button--fourth" tabindex="0" data-product-id="206291" data-cart-log-location="BROWSE_AISLES" data-persisted-quantity="undefined" data-price="4.19">OK</button></div><div class="confirmation-dialog_cancel-button"><button class="button button--fourth" tabindex="0" data-product-id="206291">Cancel</button></div></div></div></div></div><div class="confirmation-wrapper" style="display: none;"><div class="confirmation-whitewash"></div></div><img src="./Produce_Packaged_Produce_Salads_files/XF7RH.jpg" alt="Olivia&#39;s Organics Microwave Spinach" class="product-grid-cell_main-image" data-block-spinner="true" data-product-id="206291"><div class="product-grid-cell_price-tag"><div class="product-grid-cell_name" role="link" tabindex="0" data-block-spinner="true" data-product-id="206291"><h3 class="product-grid-cell_name-text select-text">Olivia's Organics Microwave Spinach</h3></div><div class="product-grid-cell_price-container" role="link" data-block-spinner="true" data-product-id="206291"><div class="product-grid-cell_regular-price-container"><span class="product-grid-cell_was" aria-hidden="true"></span><span class="product-grid-cell_regular-price"></span></div><span class="product-grid-cell_main-price select-text">$4.19</span><span class="product-grid-cell_hidden-price"></span></div><span class="product-grid-cell_size select-text" role="link" data-block-spinner="true" data-product-id="206291">9 oz bag</span><span data-block-spinner="true" data-product-id="206291"><span class="product-grid-cell_unit select-text"> | $0.47 / oz</span></span><div class="buy-more-save-more_cta-grid-container"></div><div class="add-to-cart"><div class="add-to-cart_button"><button class="button button--add-to-cart" data-product-id="206291" data-price="4.19" data-cart-log-location="BROWSE_AISLES" data-persisted-quantity="0" data-other-information="{&quot;catPath&quot;:&quot;1,2098,2275&quot;,&quot;sale&quot;:false,&quot;newArrival&quot;:false,&quot;sponsored&quot;:false,&quot;includeContentTrackingInfo&quot;:true}">Add to Cart</button></div><span class="element-invisible" aria-live="assertive"></span></div></div><div class="spyglass-container"></div></li><li role="region" tabindex="-1" aria-label="Taylor Farms Red Cabbage Shredded" class="product-cell product-grid-cell product-grid-cell--quad" data-id="99-&gt;227258" data-position="96"><div class="confirmation-wrapper confirmation-wrapper--hidden" id="confirmation-wrapper--227258"><div class="confirmation-whitewash"><div class="confirmation-dialog"><div class="confirmation-dialog_messages" tabindex="0"><h4 class="confirmation-dialog_message-headline">Remove This Item From Your Cart?</h4></div><div class="confirmation-dialog_action-container"><div class="confirmation-dialog_confirmation-button"><button class="button button--fourth" tabindex="0" data-product-id="227258" data-cart-log-location="BROWSE_AISLES" data-persisted-quantity="undefined" data-price="1.49">OK</button></div><div class="confirmation-dialog_cancel-button"><button class="button button--fourth" tabindex="0" data-product-id="227258">Cancel</button></div></div></div></div></div><div class="confirmation-wrapper" style="display: none;"><div class="confirmation-whitewash"></div></div><div class="item-detail_flag--outer-container"><div class="item-detail_flag--container"><div class="item-detail_flag--flag new">New</div></div></div><img src="./Produce_Packaged_Produce_Salads_files/VEC53.jpg" alt="Taylor Farms Red Cabbage Shredded" class="product-grid-cell_main-image" data-block-spinner="true" data-product-id="227258"><div class="product-grid-cell_price-tag"><div class="product-grid-cell_name" role="link" tabindex="0" data-block-spinner="true" data-product-id="227258"><h3 class="product-grid-cell_name-text select-text">Taylor Farms Red Cabbage Shredded</h3></div><div class="product-grid-cell_price-container" role="link" data-block-spinner="true" data-product-id="227258"><div class="product-grid-cell_regular-price-container"><span class="product-grid-cell_was" aria-hidden="true"></span><span class="product-grid-cell_regular-price"></span></div><span class="product-grid-cell_main-price select-text">$1.49</span><span class="product-grid-cell_hidden-price"></span></div><span class="product-grid-cell_size select-text" role="link" data-block-spinner="true" data-product-id="227258">8 oz bag</span><span data-block-spinner="true" data-product-id="227258"><span class="product-grid-cell_unit select-text"> | $0.19 / oz</span></span><div class="buy-more-save-more_cta-grid-container"></div><div class="add-to-cart"><div class="add-to-cart_button"><button class="button button--add-to-cart" data-product-id="227258" data-price="1.49" data-cart-log-location="BROWSE_AISLES" data-persisted-quantity="0" data-other-information="{&quot;catPath&quot;:&quot;1,2098,2275&quot;,&quot;sale&quot;:false,&quot;newArrival&quot;:true,&quot;sponsored&quot;:false,&quot;includeContentTrackingInfo&quot;:true}">Add to Cart</button></div><span class="element-invisible" aria-live="assertive"></span></div></div><div class="spyglass-container"></div></li><li role="region" tabindex="-1" aria-label="Dole Classic Salad Kit Creamy Cole Slaw" class="product-cell product-grid-cell product-grid-cell--quad" data-id="100-&gt;164841" data-position="97"><div class="confirmation-wrapper confirmation-wrapper--hidden" id="confirmation-wrapper--164841"><div class="confirmation-whitewash"><div class="confirmation-dialog"><div class="confirmation-dialog_messages" tabindex="0"><h4 class="confirmation-dialog_message-headline">Remove This Item From Your Cart?</h4></div><div class="confirmation-dialog_action-container"><div class="confirmation-dialog_confirmation-button"><button class="button button--fourth" tabindex="0" data-product-id="164841" data-cart-log-location="BROWSE_AISLES" data-persisted-quantity="undefined" data-price="1.99">OK</button></div><div class="confirmation-dialog_cancel-button"><button class="button button--fourth" tabindex="0" data-product-id="164841">Cancel</button></div></div></div></div></div><div class="confirmation-wrapper" style="display: none;"><div class="confirmation-whitewash"></div></div><img src="./Produce_Packaged_Produce_Salads_files/3440A.jpg" alt="Dole Classic Salad Kit Creamy Cole Slaw" class="product-grid-cell_main-image" data-block-spinner="true" data-product-id="164841"><div class="product-grid-cell_price-tag"><div class="product-grid-cell_name" role="link" tabindex="0" data-block-spinner="true" data-product-id="164841"><h3 class="product-grid-cell_name-text select-text">Dole Classic Salad Kit Creamy Cole Slaw</h3></div><div class="product-grid-cell_price-container" role="link" data-block-spinner="true" data-product-id="164841"><div class="product-grid-cell_regular-price-container"><span class="product-grid-cell_was" aria-hidden="true"></span><span class="product-grid-cell_regular-price"></span></div><span class="product-grid-cell_main-price select-text">$1.99</span><span class="product-grid-cell_hidden-price"></span></div><span class="product-grid-cell_size select-text" role="link" data-block-spinner="true" data-product-id="164841">8.5 oz bag</span><span data-block-spinner="true" data-product-id="164841"><span class="product-grid-cell_unit select-text"> | $0.23 / oz</span></span><div class="buy-more-save-more_cta-grid-container"></div><div class="add-to-cart"><div class="add-to-cart_button"><button class="button button--add-to-cart" data-product-id="164841" data-price="1.99" data-cart-log-location="BROWSE_AISLES" data-persisted-quantity="0" data-other-information="{&quot;catPath&quot;:&quot;1,2098,2275&quot;,&quot;sale&quot;:false,&quot;newArrival&quot;:false,&quot;sponsored&quot;:false,&quot;includeContentTrackingInfo&quot;:true}">Add to Cart</button></div><span class="element-invisible" aria-live="assertive"></span></div></div><div class="spyglass-container"></div></li><li role="region" tabindex="-1" aria-label="Dole Premium Salad Kit Endless Summer" class="product-cell product-grid-cell product-grid-cell--quad" data-id="101-&gt;141631" data-position="98"><div class="confirmation-wrapper confirmation-wrapper--hidden" id="confirmation-wrapper--141631"><div class="confirmation-whitewash"><div class="confirmation-dialog"><div class="confirmation-dialog_messages" tabindex="0"><h4 class="confirmation-dialog_message-headline">Remove This Item From Your Cart?</h4></div><div class="confirmation-dialog_action-container"><div class="confirmation-dialog_confirmation-button"><button class="button button--fourth" tabindex="0" data-product-id="141631" data-cart-log-location="BROWSE_AISLES" data-persisted-quantity="undefined" data-price="3.59">OK</button></div><div class="confirmation-dialog_cancel-button"><button class="button button--fourth" tabindex="0" data-product-id="141631">Cancel</button></div></div></div></div></div><div class="confirmation-wrapper" style="display: none;"><div class="confirmation-whitewash"></div></div><img src="./Produce_Packaged_Produce_Salads_files/AUMCH.jpg" alt="Dole Premium Salad Kit Endless Summer" class="product-grid-cell_main-image" data-block-spinner="true" data-product-id="141631"><div class="product-grid-cell_price-tag"><div class="product-grid-cell_name" role="link" tabindex="0" data-block-spinner="true" data-product-id="141631"><h3 class="product-grid-cell_name-text select-text">Dole Premium Salad Kit Endless Summer</h3></div><div class="product-grid-cell_price-container" role="link" data-block-spinner="true" data-product-id="141631"><div class="product-grid-cell_regular-price-container"><span class="product-grid-cell_was" aria-hidden="true"></span><span class="product-grid-cell_regular-price"></span></div><span class="product-grid-cell_main-price select-text">$3.59</span><span class="product-grid-cell_hidden-price"></span></div><span class="product-grid-cell_size select-text" role="link" data-block-spinner="true" data-product-id="141631">10.8 oz pkg</span><span data-block-spinner="true" data-product-id="141631"><span class="product-grid-cell_unit select-text"> | $0.33 / oz</span></span><div class="buy-more-save-more_cta-grid-container"></div><div class="add-to-cart"><div class="add-to-cart_button"><button class="button button--add-to-cart" data-product-id="141631" data-price="3.59" data-cart-log-location="BROWSE_AISLES" data-persisted-quantity="0" data-other-information="{&quot;catPath&quot;:&quot;1,2098,2275&quot;,&quot;sale&quot;:false,&quot;newArrival&quot;:false,&quot;sponsored&quot;:false,&quot;includeContentTrackingInfo&quot;:true}">Add to Cart</button></div><span class="element-invisible" aria-live="assertive"></span></div></div><div class="spyglass-container"></div></li><li role="region" tabindex="-1" aria-label="Simply Spuds Steamables Fingerling Potatoes Microwavable" class="product-cell product-grid-cell product-grid-cell--quad" data-id="102-&gt;191316" data-position="99"><div class="confirmation-wrapper confirmation-wrapper--hidden" id="confirmation-wrapper--191316"><div class="confirmation-whitewash"><div class="confirmation-dialog"><div class="confirmation-dialog_messages" tabindex="0"><h4 class="confirmation-dialog_message-headline">Remove This Item From Your Cart?</h4></div><div class="confirmation-dialog_action-container"><div class="confirmation-dialog_confirmation-button"><button class="button button--fourth" tabindex="0" data-product-id="191316" data-cart-log-location="BROWSE_AISLES" data-persisted-quantity="undefined" data-price="2.99">OK</button></div><div class="confirmation-dialog_cancel-button"><button class="button button--fourth" tabindex="0" data-product-id="191316">Cancel</button></div></div></div></div></div><div class="confirmation-wrapper" style="display: none;"><div class="confirmation-whitewash"></div></div><img src="./Produce_Packaged_Produce_Salads_files/DP3QD.jpg" alt="Simply Spuds Steamables Fingerling Potatoes Microwavable" class="product-grid-cell_main-image" data-block-spinner="true" data-product-id="191316"><div class="product-grid-cell_price-tag"><div class="product-grid-cell_name" role="link" tabindex="0" data-block-spinner="true" data-product-id="191316"><h3 class="product-grid-cell_name-text select-text">Simply Spuds Steamables Fingerling Potatoes Microwavable</h3></div><div class="product-grid-cell_price-container" role="link" data-block-spinner="true" data-product-id="191316"><div class="product-grid-cell_regular-price-container"><span class="product-grid-cell_was" aria-hidden="true"></span><span class="product-grid-cell_regular-price"></span></div><span class="product-grid-cell_main-price select-text">$2.99</span><span class="product-grid-cell_hidden-price"></span></div><span class="product-grid-cell_size select-text" role="link" data-block-spinner="true" data-product-id="191316">24 oz pkg</span><span data-block-spinner="true" data-product-id="191316"><span class="product-grid-cell_unit select-text"> | $0.12 / oz</span></span><div class="buy-more-save-more_cta-grid-container"></div><div class="add-to-cart"><div class="add-to-cart_button"><button class="button button--add-to-cart" data-product-id="191316" data-price="2.99" data-cart-log-location="BROWSE_AISLES" data-persisted-quantity="0" data-other-information="{&quot;catPath&quot;:&quot;1,2098,2275&quot;,&quot;sale&quot;:false,&quot;newArrival&quot;:false,&quot;sponsored&quot;:false,&quot;includeContentTrackingInfo&quot;:true}">Add to Cart</button></div><span class="element-invisible" aria-live="assertive"></span></div></div><div class="spyglass-container"></div></li><li role="region" tabindex="-1" aria-label="Dole Chopped Salad Kit Sweet Kale" class="product-cell product-grid-cell product-grid-cell--quad" data-id="103-&gt;229457" data-position="100"><div class="confirmation-wrapper confirmation-wrapper--hidden" id="confirmation-wrapper--229457"><div class="confirmation-whitewash"><div class="confirmation-dialog"><div class="confirmation-dialog_messages" tabindex="0"><h4 class="confirmation-dialog_message-headline">Remove This Item From Your Cart?</h4></div><div class="confirmation-dialog_action-container"><div class="confirmation-dialog_confirmation-button"><button class="button button--fourth" tabindex="0" data-product-id="229457" data-cart-log-location="BROWSE_AISLES" data-persisted-quantity="undefined" data-price="3.59">OK</button></div><div class="confirmation-dialog_cancel-button"><button class="button button--fourth" tabindex="0" data-product-id="229457">Cancel</button></div></div></div></div></div><div class="confirmation-wrapper" style="display: none;"><div class="confirmation-whitewash"></div></div><img src="./Produce_Packaged_Produce_Salads_files/FHB4G.jpg" alt="Dole Chopped Salad Kit Sweet Kale" class="product-grid-cell_main-image" data-block-spinner="true" data-product-id="229457"><div class="product-grid-cell_price-tag"><div class="product-grid-cell_name" role="link" tabindex="0" data-block-spinner="true" data-product-id="229457"><h3 class="product-grid-cell_name-text select-text">Dole Chopped Salad Kit Sweet Kale</h3></div><div class="product-grid-cell_price-container" role="link" data-block-spinner="true" data-product-id="229457"><div class="product-grid-cell_regular-price-container"><span class="product-grid-cell_was" aria-hidden="true"></span><span class="product-grid-cell_regular-price"></span></div><span class="product-grid-cell_main-price select-text">$3.59</span><span class="product-grid-cell_hidden-price"></span></div><span class="product-grid-cell_size select-text" role="link" data-block-spinner="true" data-product-id="229457">12 oz bag</span><span data-block-spinner="true" data-product-id="229457"><span class="product-grid-cell_unit select-text"> | $0.30 / oz</span></span><div class="buy-more-save-more_cta-grid-container"></div><div class="add-to-cart"><div class="add-to-cart_button"><button class="button button--add-to-cart" data-product-id="229457" data-price="3.59" data-cart-log-location="BROWSE_AISLES" data-persisted-quantity="0" data-other-information="{&quot;catPath&quot;:&quot;1,2098,2275&quot;,&quot;sale&quot;:false,&quot;newArrival&quot;:false,&quot;sponsored&quot;:false,&quot;includeContentTrackingInfo&quot;:true}">Add to Cart</button></div><span class="element-invisible" aria-live="assertive"></span></div></div><div class="spyglass-container"></div></li><li><div collection-interweave-item="interwovenContent"><div generic-content-interweave-datasource="" data="interwovenContent.content.content" region="browse_aisles_shelf_content" class=""><div generic-content-region="" region="browse_aisles_shelf_content" interwoven="true"><div><div ng-class="methods.classForRegionSize(regionSize, ! content.model.contentData[ interwovenContent.content.region ], methods.contentLayouts(content.model.contentData[ interwovenContent.content.region ], regionSize).layout.length )" width-variable="regionSize" width-values="widthBreakpoints.defaultBreakpoints" class="generic-content_region-contents--medium"><!----><div ng-class="methods.classForContentItem(contentItem, $last, $first)" ng-repeat="contentItem in methods.contentLayouts(content.model.contentData[ interwovenContent.content.region ], regionSize).layout" class="generic-content_content-item--full-width generic-content_content-item--omega generic-content_content-item--alpha"><div class="generic-content_renderer" generic-content-renderer="contentItem"><div class="generic-content_renderer-contents" ng-class="{&#39;generic-content_renderer-contents--loading&#39; : state.preloading}" style=""><div ng-switch="" on="adContentWidth" content-interaction-tracker="" width-variable="adContentWidth" width-values="widthBreakpoints.defaultBreakpoints"><!----><!----><div ng-switch-default="" class="generic-content_content-item-table" quotient-ad-datasource=""><div class="adsense_wrapper adsense_wrapper--alpha generic-content_content-item-table-cell"><div class="adsense_container" quotient-ad="" classes="interwoven ? &#39;interweaved-content_leader interweaved-content_trailer&#39; : &#39;splash-page_ads-container&#39;" size="[728,90]" cat-tree-id="productData.category.categoryTreeId" keywords="productData.keywords"><div id="gpt-ad-127" class="interweaved-content_leader interweaved-content_trailer"></div></div></div></div><!----></div></div><div class="generic-content_renderer-animation-container animation-fade ng-hide" ng-hide="!state.preloading" style=""><div width-variable="contentSize" width-observer="contentMethods.contentWidthObserver" width-values="widthBreakpoints.defaultBreakpoints" class="generic-content_renderer-animation "></div></div></div></div><!----></div></div></div></div></div></li><li role="region" tabindex="-1" aria-label="Nature&#39;s Promise Organic Power Blend Mix" class="product-cell product-grid-cell product-grid-cell--quad" data-id="105-&gt;220839" data-position="101"><div class="confirmation-wrapper confirmation-wrapper--hidden" id="confirmation-wrapper--220839"><div class="confirmation-whitewash"><div class="confirmation-dialog"><div class="confirmation-dialog_messages" tabindex="0"><h4 class="confirmation-dialog_message-headline">Remove This Item From Your Cart?</h4></div><div class="confirmation-dialog_action-container"><div class="confirmation-dialog_confirmation-button"><button class="button button--fourth" tabindex="0" data-product-id="220839" data-cart-log-location="BROWSE_AISLES" data-persisted-quantity="undefined" data-price="3.49">OK</button></div><div class="confirmation-dialog_cancel-button"><button class="button button--fourth" tabindex="0" data-product-id="220839">Cancel</button></div></div></div></div></div><div class="confirmation-wrapper" style="display: none;"><div class="confirmation-whitewash"></div></div><img src="./Produce_Packaged_Produce_Salads_files/GROHX.jpg" alt="Nature&#39;s Promise Organic Power Blend Mix" class="product-grid-cell_main-image" data-block-spinner="true" data-product-id="220839"><div class="product-grid-cell_price-tag"><div class="product-grid-cell_name" role="link" tabindex="0" data-block-spinner="true" data-product-id="220839"><h3 class="product-grid-cell_name-text select-text"><span class="vector-icon_inline-text--left"><div class="vector-icon_outer-wrapper"><div class="vector-icon_container vector-icon-size--xsmall"><svg version="1.1" x="0px" y="0px" focusable="false" viewBox="0 0 945 1024" class="" role="presentation" aria-hidden="true"><title>Ahold Wedge Icon</title><desc>Ahold Icon</desc><path d="M1.893 730.617c-1.289-2.094-2.052-4.631-2.052-7.346 0-0.747 0.058-1.481 0.169-2.197 0.158-12.396 10.227-22.466 22.687-22.634l895.306-0c12.476 0.168 22.545 10.237 22.713 22.698-0.521 3.721-1.182 6.924-2.024 10.053l0.131-0.574c-86.363 175.072-263.598 293.385-468.466 293.385s-382.103-118.313-467.105-290.339l-1.361-3.046z" class="path1" fill="rgb(247, 168, 0)"></path><path d="M107.889 132.495c1.893-1.893 1.893-3.786 3.786-5.678 2.98-3.491 7.385-5.69 12.303-5.69s9.323 2.199 12.284 5.668l0.019 0.022 476.983 476.983c3.491 2.98 5.69 7.385 5.69 12.303s-2.199 9.323-5.668 12.284c-1.399 1.869-3.361 3.216-5.631 3.789l-0.069 0.015c-38.446 13.732-82.796 21.669-129.001 21.669-108.416 0-206.626-43.699-277.977-114.443-70.367-71.826-113.809-170.317-113.809-278.955 0-45.803 7.722-89.803 21.936-130.767l-0.845 2.8z" class="path2" fill="rgb(226, 35, 26)"></path><path d="M600.015 1.893c1.247-1.204 2.948-1.946 4.822-1.946 0.302 0 0.6 0.019 0.891 0.057 0.057-0.006 0.164-0.007 0.272-0.007 7.15 0 12.947 5.796 12.947 12.947 0 0.108-0.001 0.215-0.004 0.322l0-0.016v503.482c0.002 0.091 0.004 0.199 0.004 0.306 0 7.15-5.796 12.947-12.947 12.947-0.108 0-0.215-0.001-0.322-0.004-0.241 0.034-0.539 0.053-0.841 0.053-1.874 0-3.574-0.742-4.824-1.948l0.002 0.002c-98.273-48.542-164.673-148.065-164.673-263.098s66.401-214.556 162.964-262.333l1.709-0.765z" class="path3" fill="rgb(113, 33, 119)"></path><path d="M938.824 283.919c1.893 0 1.893 1.893 3.786 1.893 1.765 2.012 2.841 4.666 2.841 7.571s-1.077 5.559-2.853 7.584l0.011-0.013-268.776 266.884c-2.012 1.765-4.666 2.841-7.571 2.841s-5.559-1.077-7.584-2.853c-1.144-0.651-1.911-1.879-1.911-3.285 0-0.172 0.012-0.342 0.034-0.508l-0.002 0.019c-7.681-21.529-12.12-46.363-12.12-72.235 0-61.263 24.891-116.712 65.111-156.786 39.326-39.792 93.895-64.431 154.219-64.431 26.857 0 52.573 4.884 76.309 13.812l-1.494-0.493z" class="path4" fill="rgb(130, 188, 0)"></path></svg></div></div></span>Nature's Promise Organic Power Blend Mix</h3></div><div class="product-grid-cell_price-container" role="link" data-block-spinner="true" data-product-id="220839"><div class="product-grid-cell_regular-price-container"><span class="product-grid-cell_was" aria-hidden="true"></span><span class="product-grid-cell_regular-price"></span></div><span class="product-grid-cell_main-price select-text">$3.49</span><span class="product-grid-cell_hidden-price"></span></div><span class="product-grid-cell_size select-text" role="link" data-block-spinner="true" data-product-id="220839">5 oz pkg</span><span data-block-spinner="true" data-product-id="220839"><span class="product-grid-cell_unit select-text"> | $0.70 / oz</span></span><div class="buy-more-save-more_cta-grid-container"></div><div class="add-to-cart"><div class="add-to-cart_button"><button class="button button--add-to-cart" data-product-id="220839" data-price="3.49" data-cart-log-location="BROWSE_AISLES" data-persisted-quantity="0" data-other-information="{&quot;catPath&quot;:&quot;1,2098,2275&quot;,&quot;sale&quot;:false,&quot;newArrival&quot;:false,&quot;sponsored&quot;:false,&quot;includeContentTrackingInfo&quot;:true}">Add to Cart</button></div><span class="element-invisible" aria-live="assertive"></span></div></div><div class="spyglass-container"></div></li><li role="region" tabindex="-1" aria-label="Dole Classic Romaine Salad Value Size" class="product-cell product-grid-cell product-grid-cell--quad" data-id="106-&gt;203534" data-position="102"><div class="confirmation-wrapper confirmation-wrapper--hidden" id="confirmation-wrapper--203534"><div class="confirmation-whitewash"><div class="confirmation-dialog"><div class="confirmation-dialog_messages" tabindex="0"><h4 class="confirmation-dialog_message-headline">Remove This Item From Your Cart?</h4></div><div class="confirmation-dialog_action-container"><div class="confirmation-dialog_confirmation-button"><button class="button button--fourth" tabindex="0" data-product-id="203534" data-cart-log-location="BROWSE_AISLES" data-persisted-quantity="undefined" data-price="2.99">OK</button></div><div class="confirmation-dialog_cancel-button"><button class="button button--fourth" tabindex="0" data-product-id="203534">Cancel</button></div></div></div></div></div><div class="confirmation-wrapper" style="display: none;"><div class="confirmation-whitewash"></div></div><img src="./Produce_Packaged_Produce_Salads_files/9WLSC.jpg" alt="Dole Classic Romaine Salad Value Size" class="product-grid-cell_main-image" data-block-spinner="true" data-product-id="203534"><div class="product-grid-cell_price-tag"><div class="product-grid-cell_name" role="link" tabindex="0" data-block-spinner="true" data-product-id="203534"><h3 class="product-grid-cell_name-text select-text">Dole Classic Romaine Salad Value Size</h3></div><div class="product-grid-cell_price-container" role="link" data-block-spinner="true" data-product-id="203534"><div class="product-grid-cell_regular-price-container"><span class="product-grid-cell_was" aria-hidden="true"></span><span class="product-grid-cell_regular-price"></span></div><span class="product-grid-cell_main-price select-text">$2.99</span><span class="product-grid-cell_hidden-price"></span></div><span class="product-grid-cell_size select-text" role="link" data-block-spinner="true" data-product-id="203534">15 oz bag</span><span data-block-spinner="true" data-product-id="203534"><span class="product-grid-cell_unit select-text"> | $0.20 / oz</span></span><div class="buy-more-save-more_cta-grid-container"></div><div class="add-to-cart"><div class="add-to-cart_button"><button class="button button--add-to-cart" data-product-id="203534" data-price="2.99" data-cart-log-location="BROWSE_AISLES" data-persisted-quantity="0" data-other-information="{&quot;catPath&quot;:&quot;1,2098,2275&quot;,&quot;sale&quot;:false,&quot;newArrival&quot;:false,&quot;sponsored&quot;:false,&quot;includeContentTrackingInfo&quot;:true}">Add to Cart</button></div><span class="element-invisible" aria-live="assertive"></span></div></div><div class="spyglass-container"></div></li><li role="region" tabindex="-1" aria-label="Stop &amp; Shop Apples with Pretzel &amp; Caramel Dip" class="product-cell product-grid-cell product-grid-cell--quad" data-id="107-&gt;219514" data-position="103"><div class="confirmation-wrapper confirmation-wrapper--hidden" id="confirmation-wrapper--219514"><div class="confirmation-whitewash"><div class="confirmation-dialog"><div class="confirmation-dialog_messages" tabindex="0"><h4 class="confirmation-dialog_message-headline">Remove This Item From Your Cart?</h4></div><div class="confirmation-dialog_action-container"><div class="confirmation-dialog_confirmation-button"><button class="button button--fourth" tabindex="0" data-product-id="219514" data-cart-log-location="BROWSE_AISLES" data-persisted-quantity="undefined" data-price="2.29">OK</button></div><div class="confirmation-dialog_cancel-button"><button class="button button--fourth" tabindex="0" data-product-id="219514">Cancel</button></div></div></div></div></div><div class="confirmation-wrapper" style="display: none;"><div class="confirmation-whitewash"></div></div><img src="./Produce_Packaged_Produce_Salads_files/YMI1Y.jpg" alt="Stop &amp; Shop Apples with Pretzel &amp; Caramel Dip" class="product-grid-cell_main-image" data-block-spinner="true" data-product-id="219514"><div class="product-grid-cell_price-tag"><div class="product-grid-cell_name" role="link" tabindex="0" data-block-spinner="true" data-product-id="219514"><h3 class="product-grid-cell_name-text select-text"><span class="vector-icon_inline-text--left"><div class="vector-icon_outer-wrapper"><div class="vector-icon_container vector-icon-size--xsmall"><svg version="1.1" x="0px" y="0px" focusable="false" viewBox="0 0 945 1024" class="" role="presentation" aria-hidden="true"><title>Ahold Wedge Icon</title><desc>Ahold Icon</desc><path d="M1.893 730.617c-1.289-2.094-2.052-4.631-2.052-7.346 0-0.747 0.058-1.481 0.169-2.197 0.158-12.396 10.227-22.466 22.687-22.634l895.306-0c12.476 0.168 22.545 10.237 22.713 22.698-0.521 3.721-1.182 6.924-2.024 10.053l0.131-0.574c-86.363 175.072-263.598 293.385-468.466 293.385s-382.103-118.313-467.105-290.339l-1.361-3.046z" class="path1" fill="rgb(247, 168, 0)"></path><path d="M107.889 132.495c1.893-1.893 1.893-3.786 3.786-5.678 2.98-3.491 7.385-5.69 12.303-5.69s9.323 2.199 12.284 5.668l0.019 0.022 476.983 476.983c3.491 2.98 5.69 7.385 5.69 12.303s-2.199 9.323-5.668 12.284c-1.399 1.869-3.361 3.216-5.631 3.789l-0.069 0.015c-38.446 13.732-82.796 21.669-129.001 21.669-108.416 0-206.626-43.699-277.977-114.443-70.367-71.826-113.809-170.317-113.809-278.955 0-45.803 7.722-89.803 21.936-130.767l-0.845 2.8z" class="path2" fill="rgb(226, 35, 26)"></path><path d="M600.015 1.893c1.247-1.204 2.948-1.946 4.822-1.946 0.302 0 0.6 0.019 0.891 0.057 0.057-0.006 0.164-0.007 0.272-0.007 7.15 0 12.947 5.796 12.947 12.947 0 0.108-0.001 0.215-0.004 0.322l0-0.016v503.482c0.002 0.091 0.004 0.199 0.004 0.306 0 7.15-5.796 12.947-12.947 12.947-0.108 0-0.215-0.001-0.322-0.004-0.241 0.034-0.539 0.053-0.841 0.053-1.874 0-3.574-0.742-4.824-1.948l0.002 0.002c-98.273-48.542-164.673-148.065-164.673-263.098s66.401-214.556 162.964-262.333l1.709-0.765z" class="path3" fill="rgb(113, 33, 119)"></path><path d="M938.824 283.919c1.893 0 1.893 1.893 3.786 1.893 1.765 2.012 2.841 4.666 2.841 7.571s-1.077 5.559-2.853 7.584l0.011-0.013-268.776 266.884c-2.012 1.765-4.666 2.841-7.571 2.841s-5.559-1.077-7.584-2.853c-1.144-0.651-1.911-1.879-1.911-3.285 0-0.172 0.012-0.342 0.034-0.508l-0.002 0.019c-7.681-21.529-12.12-46.363-12.12-72.235 0-61.263 24.891-116.712 65.111-156.786 39.326-39.792 93.895-64.431 154.219-64.431 26.857 0 52.573 4.884 76.309 13.812l-1.494-0.493z" class="path4" fill="rgb(130, 188, 0)"></path></svg></div></div></span>Stop &amp; Shop Apples with Pretzel &amp; Caramel Dip</h3></div><div class="product-grid-cell_price-container" role="link" data-block-spinner="true" data-product-id="219514"><div class="product-grid-cell_regular-price-container"><span class="product-grid-cell_was" aria-hidden="true"></span><span class="product-grid-cell_regular-price"></span></div><span class="product-grid-cell_main-price select-text">$2.29</span><span class="product-grid-cell_hidden-price"></span></div><span class="product-grid-cell_size select-text" role="link" data-block-spinner="true" data-product-id="219514">4.4 oz pkg</span><span data-block-spinner="true" data-product-id="219514"><span class="product-grid-cell_unit select-text"> | $0.52 / oz</span></span><div class="buy-more-save-more_cta-grid-container"></div><div class="add-to-cart"><div class="add-to-cart_button"><button class="button button--add-to-cart" data-product-id="219514" data-price="2.29" data-cart-log-location="BROWSE_AISLES" data-persisted-quantity="0" data-other-information="{&quot;catPath&quot;:&quot;1,2098,2275&quot;,&quot;sale&quot;:false,&quot;newArrival&quot;:false,&quot;sponsored&quot;:false,&quot;includeContentTrackingInfo&quot;:true}">Add to Cart</button></div><span class="element-invisible" aria-live="assertive"></span></div></div><div class="spyglass-container"></div></li><li role="region" tabindex="-1" aria-label="French&#39;s Onions Crispy Fried Original" class="product-cell product-grid-cell product-grid-cell--quad" data-id="108-&gt;45960" data-position="104"><div class="confirmation-wrapper confirmation-wrapper--hidden" id="confirmation-wrapper--45960"><div class="confirmation-whitewash"><div class="confirmation-dialog"><div class="confirmation-dialog_messages" tabindex="0"><h4 class="confirmation-dialog_message-headline">Remove This Item From Your Cart?</h4></div><div class="confirmation-dialog_action-container"><div class="confirmation-dialog_confirmation-button"><button class="button button--fourth" tabindex="0" data-product-id="45960" data-cart-log-location="BROWSE_AISLES" data-persisted-quantity="undefined" data-price="4.89">OK</button></div><div class="confirmation-dialog_cancel-button"><button class="button button--fourth" tabindex="0" data-product-id="45960">Cancel</button></div></div></div></div></div><div class="confirmation-wrapper" style="display: none;"><div class="confirmation-whitewash"></div></div><div class="vector-icon_absolute--left vector-icon_absolute--top buy-more-save-more_sticker-outer-container" aria-label="buy more save more" tabindex="0" role="link" data-pod-group="1183572" data-block-spinner="true"><span class="vector-icon_inline-text--left buy-more-save-more_link buy-more-save-more_view-deal-sticker"><div class="vector-icon_outer-wrapper"><div class="vector-icon_container vector-icon-size--xxlarge"><svg version="1.1" x="0px" y="0px" focusable="false" viewBox="0 0 1022 1024" class="vector-icon-color--bmsm" role="presentation" aria-hidden="true"><title>view deal icon</title><desc>vew deal icon</desc><path d="M882.478 520.133c0 179.904-164.594 325.744-367.631 325.744s-367.631-145.841-367.631-325.744c0-179.904 164.594-325.744 367.631-325.744s367.631 145.841 367.631 325.744z" class="path1" fill="rgb(255, 255, 255)"></path><path d="M1004.073 382.272c-40.667-15.047-79.708-29.687-119.968-44.734 14.64-40.667 28.467-80.114 43.107-122.002-44.734 0-86.621 0.407-130.135 0.407-1.627-43.514-2.847-84.994-4.473-129.728-41.074 14.64-80.114 28.874-121.188 43.514-16.674-37.414-33.347-74.421-50.834-113.461-33.347 28.060-64.661 54.901-96.788 82.148-30.094-29.28-59.374-58.154-89.468-87.841-19.52 38.634-37.82 74.421-56.934 111.835-39.041-17.080-76.454-33.754-115.902-51.241-4.88 44.734-9.76 87.028-14.234 129.728-42.701-2.847-83.774-5.287-127.695-7.727 12.2 42.294 23.18 82.554 34.974 124.035-40.667 13.827-79.301 27.247-120.375 41.074 25.62 34.974 50.427 68.321 75.641 102.888-33.347 28.060-65.881 55.307-100.041 83.774 37.82 22.774 73.608 43.921 108.988 65.068-20.334 37.82-40.261 74.421-61.001 112.241 42.701 8.947 84.994 17.894 128.102 26.84-7.32 42.701-14.234 82.554-21.147 124.442 45.141-7.32 85.808-14.234 128.508-21.147 8.947 42.294 17.080 82.148 25.62 124.442 38.634-23.994 74.828-46.767 111.835-69.541 24.807 36.6 47.987 71.168 72.794 107.768 25.62-34.974 50.021-67.914 75.234-101.668 36.194 23.587 70.761 46.361 107.768 70.761 11.387-41.887 22.367-82.148 32.94-122.408 43.921 10.98 84.994 21.147 129.322 32.127-4.473-44.734-8.54-85.808-12.607-128.508 41.074-5.693 81.741-10.98 124.848-17.080-16.267-33.754-30.094-65.474-46.361-95.568-9.353-17.487-8.54-26.84 11.387-35.787 30.094-13.42 58.561-30.5 89.061-46.767-31.72-31.314-61.814-60.187-92.315-90.281 27.247-32.94 53.274-64.254 81.334-97.601z" class="path2" fill="rgb(0, 0, 0)"></path><path d="M286.704 537.214l-85.808-114.275 30.907-8.54 63.441 88.248 7.727-108.581 30.907-8.54-13.014 142.335-34.16 9.353z" class="path3" fill="rgb(255, 255, 255)"></path><path d="M396.912 506.307l-36.194-128.102 27.247-7.727 36.194 128.102-27.247 7.727z" class="path4" fill="rgb(255, 255, 255)"></path><path d="M464.013 487.193l-36.194-128.102 90.688-25.62 6.913 23.994-63.441 17.894 7.727 26.84 62.221-17.487 6.913 23.994-62.221 17.487 8.133 29.28 63.441-17.894 6.913 23.994-91.095 25.62z" class="path5" fill="rgb(255, 255, 255)"></path><path d="M688.496 423.752l-47.174-81.741 2.44 94.348-28.874 8.133-72.794-117.935 30.5-8.54 48.801 86.214-2.033-99.228 21.147-6.1 50.427 85.808-3.66-99.228 30.5-8.54-0.407 138.675-28.874 8.133z" class="path6" fill="rgb(255, 255, 255)"></path><path d="M297.684 713.709l-36.194-128.102 50.427-14.234c40.261-11.387 75.234 6.507 86.214 44.734 10.98 39.041-9.76 71.981-49.614 83.368l-50.834 14.234zM370.478 623.835c-6.507-22.367-25.214-36.194-51.241-28.874l-23.587 6.507 22.774 80.114 23.18-6.507c25.214-6.507 34.974-29.28 28.874-51.241z" class="path7" fill="rgb(255, 255, 255)"></path><path d="M450.186 670.602l-36.194-128.102 90.688-25.62 6.913 23.994-63.441 17.894 7.727 26.84 62.221-17.487 6.913 23.994-62.221 17.487 8.133 29.28 63.441-17.894 6.913 23.994-91.095 25.62z" class="path8" fill="rgb(255, 255, 255)"></path><path d="M665.315 610.008l-14.234-19.52-54.901 15.454-2.033 23.994-30.907 8.54 13.014-142.335 34.16-9.76 85.808 114.275-30.907 9.353zM601.468 518.913l-4.473 61.001 39.854-11.387-35.38-49.614z" class="path9" fill="rgb(255, 255, 255)"></path><path d="M721.843 594.148l-36.194-128.102 27.654-7.727 29.28 104.108 54.087-15.454 6.913 23.994-81.741 23.18z" class="path10" fill="rgb(255, 255, 255)"></path></svg></div></div><span class="element-invisible">View items in deal</span></span></div><img src="./Produce_Packaged_Produce_Salads_files/2TR5S.jpg" alt="French&#39;s Onions Crispy Fried Original" class="product-grid-cell_main-image" data-block-spinner="true" data-product-id="45960"><div class="product-grid-cell_price-tag overlay--open" tabindex="0" aria-hidden="false"><div class="product-grid-cell_name" role="link" tabindex="0" data-block-spinner="true" data-product-id="45960"><h3 class="product-grid-cell_name-text select-text">French's Onions Crispy Fried Original</h3></div><div class="product-grid-cell_price-container" role="link" data-block-spinner="true" data-product-id="45960"><div class="product-grid-cell_regular-price-container"><span class="product-grid-cell_was" aria-hidden="true"></span><span class="product-grid-cell_regular-price"></span></div><span class="product-grid-cell_main-price select-text">$4.89</span><span class="product-grid-cell_hidden-price"></span></div><span class="product-grid-cell_size select-text" role="link" data-block-spinner="true" data-product-id="45960">6 oz can</span><span data-block-spinner="true" data-product-id="45960"><span class="product-grid-cell_unit select-text"> | $0.82 / oz</span></span><div class="buy-more-save-more_cta-grid-container" aria-label="Buy 2 @ $3.50 ea" tabindex="0" role="link" data-pod-group="1183572" data-block-spinner="true"><span class="buy-more-save-more_cta buy-more-save-more_link">Buy 2 @ $3.50 ea<span aria-hidden="true"></span></span></div><div class="add-to-cart"><div class="add-to-cart_button"><button class="button button--add-to-cart" data-product-id="45960" data-price="4.89" data-cart-log-location="BROWSE_AISLES" data-persisted-quantity="0" data-other-information="{&quot;catPath&quot;:&quot;1,2098,2275&quot;,&quot;sale&quot;:false,&quot;newArrival&quot;:false,&quot;sponsored&quot;:false,&quot;includeContentTrackingInfo&quot;:true}">Add to Cart</button></div><span class="element-invisible" aria-live="assertive"></span></div></div><div class="product-grid-cell_bulk-buy-container overlay--closed" tabindex="-1" aria-hidden="true"><bulk-buy-scroller other-information="otherInformation" on-close="onCloseBMSMOverlay()" product="product" cart-log-location="cartLogLocation" options="options" product-id="product.prodId"><!----><div ng-class="{&#39;bulk-buy-scroller_container--vertical&#39;: $ctrl.options.bulkBuyVerticalStyle}" class="bulk-buy-scroller_container bulk-buy-scroller_container--vertical" ng-if="$ctrl.shouldShowBulkBuy()"><!----><div class="bulk-buy-scroller_header-container" ng-if="$ctrl.isSIMQ() || (!$ctrl.isSIMQ() &amp;&amp; $ctrl.isShelf()) "><!----><h4 id="bulk-buy-scroller_heading--45960" class="bulk-buy-scroller_heading text-center" ng-class="{
            &#39;bulk-buy-scroller_heading--reverse&#39;: $ctrl.options.bulkBuyReverseStyle,
            &#39;text-center&#39;: $ctrl.isShelf()
        }">Buy More Save More</h4><!----><button ng-if="($ctrl.options.bulkBuyReverseStyle || $ctrl.options.bulkBuyVerticalStyle)" ng-click="$ctrl.close()" ng-class="{
            &#39;bulk-buy-scroller_close-button--reverse&#39;: $ctrl.options.bulkBuyReverseStyle,
            &#39;bulk-buy-scroller_close-button--vertical&#39;: $ctrl.options.bulkBuyVerticalStyle,
            &#39;button--white-no-border&#39;: $ctrl.state.currentQuantity === 0,
            &#39;button--lightest-grey&#39;: $ctrl.state.currentQuantity &gt; 0
            }" class="button bulk-buy-scroller_close-button bulk-buy-scroller_close-button--vertical button--white-no-border" aria-label="Close Promotion Options" tabindex="0"><div class="vector-icon_outer-wrapper" svg-id="icon_close" svg-class="vector-icon-color--dark-grey" container-class="vector-icon-size--xxsmall" svg-title="Close Icon" svg-description="X Icon" svg-role="presentation" svg-aria-hidden="true"><div class="vector-icon_container vector-icon-size--xxsmall"><svg version="1.1" x="0px" y="0px" focusable="false" viewBox="0 0 1024 1024" class="vector-icon-color--dark-grey" role="presentation" aria-hidden="true"><title>Close Icon</title><desc>X Icon</desc><path d="M20.685 1003.315c27.546 27.546 72.397 27.546 99.942 0l391.373-391.373 391.373 391.373c27.546 27.546 72.397 27.546 99.942 0s27.546-72.397 0-99.942l-391.373-391.373 391.373-391.373c27.546-27.546 27.546-72.397 0-99.942s-72.397-27.546-99.942 0l-391.373 391.373-391.373-391.373c-27.546-27.546-72.397-27.546-99.942 0s-27.546 72.397 0 99.942l391.373 391.373-391.373 391.373c-27.597 27.546-27.597 72.397 0 99.942z" class="path1"></path></svg></div></div></button><!----></div><!----><!----><div class="bulk-buy-scroller_mix-match-container bulk-buy-scroller_mix-match-container--vertical" ng-if="!$ctrl.isSIMQ() &amp;&amp; $ctrl.isShelf()" ng-class="{
            &#39;bulk-buy-scroller_mix-match-container--reverse&#39;: $ctrl.options.bulkBuyReverseStyle,
            &#39;bulk-buy-scroller_mix-match-container--vertical&#39;: $ctrl.options.bulkBuyVerticalStyle,
            &#39;bulk-buy-scroller_mix-match-container--normal&#39;: $ctrl.options.bulkBuyNormalStyle
        }"><button class="button bulk-buy-scroller_mix-match-button" ng-click="$ctrl.openProductGroup()" tabindex="0"><span class="bulk-buy-scroller_button-headline">Buy 2 @ $3.50 ea</span> <span class="bulk-buy-scroller_button-cta">Mix &amp; Match Options </span></button></div><!----><!----><!----></div><!----></bulk-buy-scroller><div class="add-to-cart"><div class="add-to-cart_button"><button class="button button--add-to-cart" data-product-id="45960" data-price="4.89" data-cart-log-location="BROWSE_AISLES" data-persisted-quantity="0" data-other-information="{&quot;catPath&quot;:&quot;1,2098,2275&quot;,&quot;sale&quot;:false,&quot;newArrival&quot;:false,&quot;sponsored&quot;:false,&quot;includeContentTrackingInfo&quot;:true}">Add to Cart</button></div><span class="element-invisible" aria-live="assertive"></span></div></div><div class="spyglass-container"></div></li><li role="region" tabindex="-1" aria-label="Dole Salad Classic Romaine with Carrots &amp; Red Cabbage" class="product-cell product-grid-cell product-grid-cell--quad" data-id="109-&gt;131012" data-position="105"><div class="confirmation-wrapper confirmation-wrapper--hidden" id="confirmation-wrapper--131012"><div class="confirmation-whitewash"><div class="confirmation-dialog"><div class="confirmation-dialog_messages" tabindex="0"><h4 class="confirmation-dialog_message-headline">Remove This Item From Your Cart?</h4></div><div class="confirmation-dialog_action-container"><div class="confirmation-dialog_confirmation-button"><button class="button button--fourth" tabindex="0" data-product-id="131012" data-cart-log-location="BROWSE_AISLES" data-persisted-quantity="undefined" data-price="2.5">OK</button></div><div class="confirmation-dialog_cancel-button"><button class="button button--fourth" tabindex="0" data-product-id="131012">Cancel</button></div></div></div></div></div><div class="confirmation-wrapper" style="display: none;"><div class="confirmation-whitewash"></div></div><div class="item-detail_flag--outer-container"><div class="item-detail_flag--container"><div class="item-detail_flag--flag sale">Sale</div></div></div><img src="./Produce_Packaged_Produce_Salads_files/DE26E.jpg" alt="Dole Salad Classic Romaine with Carrots &amp; Red Cabbage" class="product-grid-cell_main-image" data-block-spinner="true" data-product-id="131012"><div class="product-grid-cell_price-tag"><div class="product-grid-cell_name" role="link" tabindex="0" data-block-spinner="true" data-product-id="131012"><h3 class="product-grid-cell_name-text select-text">Dole Salad Classic Romaine with Carrots &amp; Red Cabbage</h3></div><div class="product-grid-cell_price-container" role="link" data-block-spinner="true" data-product-id="131012"><div class="product-grid-cell_regular-price-container"><span class="product-grid-cell_was" aria-hidden="true"></span><span class="product-grid-cell_regular-price"></span></div><span class="product-grid-cell_main-price select-text product-grid-cell_main-price--on-sale">$2.50</span><span class="product-grid-cell_hidden-price"></span></div><span class="product-grid-cell_size select-text" role="link" data-block-spinner="true" data-product-id="131012">9 oz bag</span><span data-block-spinner="true" data-product-id="131012"><span class="product-grid-cell_unit select-text"> | $0.28 / oz</span></span><div class="buy-more-save-more_cta-grid-container"></div><div class="add-to-cart"><div class="add-to-cart_button"><button class="button button--add-to-cart" data-product-id="131012" data-price="2.5" data-cart-log-location="BROWSE_AISLES" data-persisted-quantity="0" data-other-information="{&quot;catPath&quot;:&quot;1,2098,2275&quot;,&quot;sale&quot;:true,&quot;newArrival&quot;:false,&quot;sponsored&quot;:false,&quot;includeContentTrackingInfo&quot;:true}">Add to Cart</button></div><span class="element-invisible" aria-live="assertive"></span></div></div><div class="spyglass-container"></div></li><li role="region" tabindex="-1" aria-label="Gourmet Garden Ginger Paste" class="product-cell product-grid-cell product-grid-cell--quad" data-id="110-&gt;186337" data-position="106"><div class="confirmation-wrapper confirmation-wrapper--hidden" id="confirmation-wrapper--186337"><div class="confirmation-whitewash"><div class="confirmation-dialog"><div class="confirmation-dialog_messages" tabindex="0"><h4 class="confirmation-dialog_message-headline">Remove This Item From Your Cart?</h4></div><div class="confirmation-dialog_action-container"><div class="confirmation-dialog_confirmation-button"><button class="button button--fourth" tabindex="0" data-product-id="186337" data-cart-log-location="BROWSE_AISLES" data-persisted-quantity="undefined" data-price="4.59">OK</button></div><div class="confirmation-dialog_cancel-button"><button class="button button--fourth" tabindex="0" data-product-id="186337">Cancel</button></div></div></div></div></div><div class="confirmation-wrapper" style="display: none;"><div class="confirmation-whitewash"></div></div><img src="./Produce_Packaged_Produce_Salads_files/9OEWE.jpg" alt="Gourmet Garden Ginger Paste" class="product-grid-cell_main-image" data-block-spinner="true" data-product-id="186337"><div class="product-grid-cell_price-tag"><div class="product-grid-cell_name" role="link" tabindex="0" data-block-spinner="true" data-product-id="186337"><h3 class="product-grid-cell_name-text select-text">Gourmet Garden Ginger Paste</h3></div><div class="product-grid-cell_price-container" role="link" data-block-spinner="true" data-product-id="186337"><div class="product-grid-cell_regular-price-container"><span class="product-grid-cell_was" aria-hidden="true"></span><span class="product-grid-cell_regular-price"></span></div><span class="product-grid-cell_main-price select-text">$4.59</span><span class="product-grid-cell_hidden-price"></span></div><span class="product-grid-cell_size select-text" role="link" data-block-spinner="true" data-product-id="186337">4 oz sqz</span><span data-block-spinner="true" data-product-id="186337"><span class="product-grid-cell_unit select-text"> | $1.15 / oz</span></span><div class="buy-more-save-more_cta-grid-container"></div><div class="add-to-cart"><div class="add-to-cart_button"><button class="button button--add-to-cart" data-product-id="186337" data-price="4.59" data-cart-log-location="BROWSE_AISLES" data-persisted-quantity="0" data-other-information="{&quot;catPath&quot;:&quot;1,2098,2275&quot;,&quot;sale&quot;:false,&quot;newArrival&quot;:false,&quot;sponsored&quot;:false,&quot;includeContentTrackingInfo&quot;:true}">Add to Cart</button></div><span class="element-invisible" aria-live="assertive"></span></div></div><div class="spyglass-container"></div></li><li role="region" tabindex="-1" aria-label="Nature&#39;s Promise Organic Smoothie Blend Greens" class="product-cell product-grid-cell product-grid-cell--quad" data-id="111-&gt;223233" data-position="107"><div class="confirmation-wrapper confirmation-wrapper--hidden" id="confirmation-wrapper--223233"><div class="confirmation-whitewash"><div class="confirmation-dialog"><div class="confirmation-dialog_messages" tabindex="0"><h4 class="confirmation-dialog_message-headline">Remove This Item From Your Cart?</h4></div><div class="confirmation-dialog_action-container"><div class="confirmation-dialog_confirmation-button"><button class="button button--fourth" tabindex="0" data-product-id="223233" data-cart-log-location="BROWSE_AISLES" data-persisted-quantity="undefined" data-price="5">OK</button></div><div class="confirmation-dialog_cancel-button"><button class="button button--fourth" tabindex="0" data-product-id="223233">Cancel</button></div></div></div></div></div><div class="confirmation-wrapper" style="display: none;"><div class="confirmation-whitewash"></div></div><img src="./Produce_Packaged_Produce_Salads_files/G7CB3.jpg" alt="Nature&#39;s Promise Organic Smoothie Blend Greens" class="product-grid-cell_main-image" data-block-spinner="true" data-product-id="223233"><div class="product-grid-cell_price-tag"><div class="product-grid-cell_name" role="link" tabindex="0" data-block-spinner="true" data-product-id="223233"><h3 class="product-grid-cell_name-text select-text"><span class="vector-icon_inline-text--left"><div class="vector-icon_outer-wrapper"><div class="vector-icon_container vector-icon-size--xsmall"><svg version="1.1" x="0px" y="0px" focusable="false" viewBox="0 0 945 1024" class="" role="presentation" aria-hidden="true"><title>Ahold Wedge Icon</title><desc>Ahold Icon</desc><path d="M1.893 730.617c-1.289-2.094-2.052-4.631-2.052-7.346 0-0.747 0.058-1.481 0.169-2.197 0.158-12.396 10.227-22.466 22.687-22.634l895.306-0c12.476 0.168 22.545 10.237 22.713 22.698-0.521 3.721-1.182 6.924-2.024 10.053l0.131-0.574c-86.363 175.072-263.598 293.385-468.466 293.385s-382.103-118.313-467.105-290.339l-1.361-3.046z" class="path1" fill="rgb(247, 168, 0)"></path><path d="M107.889 132.495c1.893-1.893 1.893-3.786 3.786-5.678 2.98-3.491 7.385-5.69 12.303-5.69s9.323 2.199 12.284 5.668l0.019 0.022 476.983 476.983c3.491 2.98 5.69 7.385 5.69 12.303s-2.199 9.323-5.668 12.284c-1.399 1.869-3.361 3.216-5.631 3.789l-0.069 0.015c-38.446 13.732-82.796 21.669-129.001 21.669-108.416 0-206.626-43.699-277.977-114.443-70.367-71.826-113.809-170.317-113.809-278.955 0-45.803 7.722-89.803 21.936-130.767l-0.845 2.8z" class="path2" fill="rgb(226, 35, 26)"></path><path d="M600.015 1.893c1.247-1.204 2.948-1.946 4.822-1.946 0.302 0 0.6 0.019 0.891 0.057 0.057-0.006 0.164-0.007 0.272-0.007 7.15 0 12.947 5.796 12.947 12.947 0 0.108-0.001 0.215-0.004 0.322l0-0.016v503.482c0.002 0.091 0.004 0.199 0.004 0.306 0 7.15-5.796 12.947-12.947 12.947-0.108 0-0.215-0.001-0.322-0.004-0.241 0.034-0.539 0.053-0.841 0.053-1.874 0-3.574-0.742-4.824-1.948l0.002 0.002c-98.273-48.542-164.673-148.065-164.673-263.098s66.401-214.556 162.964-262.333l1.709-0.765z" class="path3" fill="rgb(113, 33, 119)"></path><path d="M938.824 283.919c1.893 0 1.893 1.893 3.786 1.893 1.765 2.012 2.841 4.666 2.841 7.571s-1.077 5.559-2.853 7.584l0.011-0.013-268.776 266.884c-2.012 1.765-4.666 2.841-7.571 2.841s-5.559-1.077-7.584-2.853c-1.144-0.651-1.911-1.879-1.911-3.285 0-0.172 0.012-0.342 0.034-0.508l-0.002 0.019c-7.681-21.529-12.12-46.363-12.12-72.235 0-61.263 24.891-116.712 65.111-156.786 39.326-39.792 93.895-64.431 154.219-64.431 26.857 0 52.573 4.884 76.309 13.812l-1.494-0.493z" class="path4" fill="rgb(130, 188, 0)"></path></svg></div></div></span>Nature's Promise Organic Smoothie Blend Greens</h3></div><div class="product-grid-cell_price-container" role="link" data-block-spinner="true" data-product-id="223233"><div class="product-grid-cell_regular-price-container"><span class="product-grid-cell_was" aria-hidden="true"></span><span class="product-grid-cell_regular-price"></span></div><span class="product-grid-cell_main-price select-text">$5.00</span><span class="product-grid-cell_hidden-price"></span></div><span class="product-grid-cell_size select-text" role="link" data-block-spinner="true" data-product-id="223233">11 oz pkg</span><span data-block-spinner="true" data-product-id="223233"><span class="product-grid-cell_unit select-text"> | $0.45 / oz</span></span><div class="buy-more-save-more_cta-grid-container"></div><div class="add-to-cart"><div class="add-to-cart_button"><button class="button button--add-to-cart" data-product-id="223233" data-price="5" data-cart-log-location="BROWSE_AISLES" data-persisted-quantity="0" data-other-information="{&quot;catPath&quot;:&quot;1,2098,2275&quot;,&quot;sale&quot;:false,&quot;newArrival&quot;:false,&quot;sponsored&quot;:false,&quot;includeContentTrackingInfo&quot;:true}">Add to Cart</button></div><span class="element-invisible" aria-live="assertive"></span></div></div><div class="spyglass-container"></div></li><li role="region" tabindex="-1" aria-label="Nature&#39;s Promise Organic Kale" class="product-cell product-grid-cell product-grid-cell--quad" data-id="112-&gt;210641" data-position="108"><div class="confirmation-wrapper confirmation-wrapper--hidden" id="confirmation-wrapper--210641"><div class="confirmation-whitewash"><div class="confirmation-dialog"><div class="confirmation-dialog_messages" tabindex="0"><h4 class="confirmation-dialog_message-headline">Remove This Item From Your Cart?</h4></div><div class="confirmation-dialog_action-container"><div class="confirmation-dialog_confirmation-button"><button class="button button--fourth" tabindex="0" data-product-id="210641" data-cart-log-location="BROWSE_AISLES" data-persisted-quantity="undefined" data-price="4.19">OK</button></div><div class="confirmation-dialog_cancel-button"><button class="button button--fourth" tabindex="0" data-product-id="210641">Cancel</button></div></div></div></div></div><div class="confirmation-wrapper" style="display: none;"><div class="confirmation-whitewash"></div></div><img src="./Produce_Packaged_Produce_Salads_files/BICBT.jpg" alt="Nature&#39;s Promise Organic Kale" class="product-grid-cell_main-image" data-block-spinner="true" data-product-id="210641"><div class="product-grid-cell_price-tag"><div class="product-grid-cell_name" role="link" tabindex="0" data-block-spinner="true" data-product-id="210641"><h3 class="product-grid-cell_name-text select-text"><span class="vector-icon_inline-text--left"><div class="vector-icon_outer-wrapper"><div class="vector-icon_container vector-icon-size--xsmall"><svg version="1.1" x="0px" y="0px" focusable="false" viewBox="0 0 945 1024" class="" role="presentation" aria-hidden="true"><title>Ahold Wedge Icon</title><desc>Ahold Icon</desc><path d="M1.893 730.617c-1.289-2.094-2.052-4.631-2.052-7.346 0-0.747 0.058-1.481 0.169-2.197 0.158-12.396 10.227-22.466 22.687-22.634l895.306-0c12.476 0.168 22.545 10.237 22.713 22.698-0.521 3.721-1.182 6.924-2.024 10.053l0.131-0.574c-86.363 175.072-263.598 293.385-468.466 293.385s-382.103-118.313-467.105-290.339l-1.361-3.046z" class="path1" fill="rgb(247, 168, 0)"></path><path d="M107.889 132.495c1.893-1.893 1.893-3.786 3.786-5.678 2.98-3.491 7.385-5.69 12.303-5.69s9.323 2.199 12.284 5.668l0.019 0.022 476.983 476.983c3.491 2.98 5.69 7.385 5.69 12.303s-2.199 9.323-5.668 12.284c-1.399 1.869-3.361 3.216-5.631 3.789l-0.069 0.015c-38.446 13.732-82.796 21.669-129.001 21.669-108.416 0-206.626-43.699-277.977-114.443-70.367-71.826-113.809-170.317-113.809-278.955 0-45.803 7.722-89.803 21.936-130.767l-0.845 2.8z" class="path2" fill="rgb(226, 35, 26)"></path><path d="M600.015 1.893c1.247-1.204 2.948-1.946 4.822-1.946 0.302 0 0.6 0.019 0.891 0.057 0.057-0.006 0.164-0.007 0.272-0.007 7.15 0 12.947 5.796 12.947 12.947 0 0.108-0.001 0.215-0.004 0.322l0-0.016v503.482c0.002 0.091 0.004 0.199 0.004 0.306 0 7.15-5.796 12.947-12.947 12.947-0.108 0-0.215-0.001-0.322-0.004-0.241 0.034-0.539 0.053-0.841 0.053-1.874 0-3.574-0.742-4.824-1.948l0.002 0.002c-98.273-48.542-164.673-148.065-164.673-263.098s66.401-214.556 162.964-262.333l1.709-0.765z" class="path3" fill="rgb(113, 33, 119)"></path><path d="M938.824 283.919c1.893 0 1.893 1.893 3.786 1.893 1.765 2.012 2.841 4.666 2.841 7.571s-1.077 5.559-2.853 7.584l0.011-0.013-268.776 266.884c-2.012 1.765-4.666 2.841-7.571 2.841s-5.559-1.077-7.584-2.853c-1.144-0.651-1.911-1.879-1.911-3.285 0-0.172 0.012-0.342 0.034-0.508l-0.002 0.019c-7.681-21.529-12.12-46.363-12.12-72.235 0-61.263 24.891-116.712 65.111-156.786 39.326-39.792 93.895-64.431 154.219-64.431 26.857 0 52.573 4.884 76.309 13.812l-1.494-0.493z" class="path4" fill="rgb(130, 188, 0)"></path></svg></div></div></span>Nature's Promise Organic Kale</h3></div><div class="product-grid-cell_price-container" role="link" data-block-spinner="true" data-product-id="210641"><div class="product-grid-cell_regular-price-container"><span class="product-grid-cell_was" aria-hidden="true"></span><span class="product-grid-cell_regular-price"></span></div><span class="product-grid-cell_main-price select-text">$4.19</span><span class="product-grid-cell_hidden-price"></span></div><span class="product-grid-cell_size select-text" role="link" data-block-spinner="true" data-product-id="210641">12 oz pkg</span><span data-block-spinner="true" data-product-id="210641"><span class="product-grid-cell_unit select-text"> | $0.35 / oz</span></span><div class="buy-more-save-more_cta-grid-container"></div><div class="add-to-cart"><div class="add-to-cart_button"><button class="button button--add-to-cart" data-product-id="210641" data-price="4.19" data-cart-log-location="BROWSE_AISLES" data-persisted-quantity="0" data-other-information="{&quot;catPath&quot;:&quot;1,2098,2275&quot;,&quot;sale&quot;:false,&quot;newArrival&quot;:false,&quot;sponsored&quot;:false,&quot;includeContentTrackingInfo&quot;:true}">Add to Cart</button></div><span class="element-invisible" aria-live="assertive"></span></div></div><div class="spyglass-container"></div></li><li role="region" tabindex="-1" aria-label="Dole Chopped Salad Kit Pomegranate" class="product-cell product-grid-cell product-grid-cell--quad" data-id="113-&gt;219446" data-position="109"><div class="confirmation-wrapper confirmation-wrapper--hidden" id="confirmation-wrapper--219446"><div class="confirmation-whitewash"><div class="confirmation-dialog"><div class="confirmation-dialog_messages" tabindex="0"><h4 class="confirmation-dialog_message-headline">Remove This Item From Your Cart?</h4></div><div class="confirmation-dialog_action-container"><div class="confirmation-dialog_confirmation-button"><button class="button button--fourth" tabindex="0" data-product-id="219446" data-cart-log-location="BROWSE_AISLES" data-persisted-quantity="undefined" data-price="3.59">OK</button></div><div class="confirmation-dialog_cancel-button"><button class="button button--fourth" tabindex="0" data-product-id="219446">Cancel</button></div></div></div></div></div><div class="confirmation-wrapper" style="display: none;"><div class="confirmation-whitewash"></div></div><img src="./Produce_Packaged_Produce_Salads_files/OQ4VE.jpg" alt="Dole Chopped Salad Kit Pomegranate" class="product-grid-cell_main-image" data-block-spinner="true" data-product-id="219446"><div class="product-grid-cell_price-tag"><div class="product-grid-cell_name" role="link" tabindex="0" data-block-spinner="true" data-product-id="219446"><h3 class="product-grid-cell_name-text select-text">Dole Chopped Salad Kit Pomegranate</h3></div><div class="product-grid-cell_price-container" role="link" data-block-spinner="true" data-product-id="219446"><div class="product-grid-cell_regular-price-container"><span class="product-grid-cell_was" aria-hidden="true"></span><span class="product-grid-cell_regular-price"></span></div><span class="product-grid-cell_main-price select-text">$3.59</span><span class="product-grid-cell_hidden-price"></span></div><span class="product-grid-cell_size select-text" role="link" data-block-spinner="true" data-product-id="219446">10.6 oz bag</span><span data-block-spinner="true" data-product-id="219446"><span class="product-grid-cell_unit select-text"> | $0.34 / oz</span></span><div class="buy-more-save-more_cta-grid-container"></div><div class="add-to-cart"><div class="add-to-cart_button"><button class="button button--add-to-cart" data-product-id="219446" data-price="3.59" data-cart-log-location="BROWSE_AISLES" data-persisted-quantity="0" data-other-information="{&quot;catPath&quot;:&quot;1,2098,2275&quot;,&quot;sale&quot;:false,&quot;newArrival&quot;:false,&quot;sponsored&quot;:false,&quot;includeContentTrackingInfo&quot;:true}">Add to Cart</button></div><span class="element-invisible" aria-live="assertive"></span></div></div><div class="spyglass-container"></div></li><li role="region" tabindex="-1" aria-label="Nature&#39;s Promise Organics Garlic Minced in Water" class="product-cell product-grid-cell product-grid-cell--quad" data-id="114-&gt;199787" data-position="110"><div class="confirmation-wrapper confirmation-wrapper--hidden" id="confirmation-wrapper--199787"><div class="confirmation-whitewash"><div class="confirmation-dialog"><div class="confirmation-dialog_messages" tabindex="0"><h4 class="confirmation-dialog_message-headline">Remove This Item From Your Cart?</h4></div><div class="confirmation-dialog_action-container"><div class="confirmation-dialog_confirmation-button"><button class="button button--fourth" tabindex="0" data-product-id="199787" data-cart-log-location="BROWSE_AISLES" data-persisted-quantity="undefined" data-price="2.59">OK</button></div><div class="confirmation-dialog_cancel-button"><button class="button button--fourth" tabindex="0" data-product-id="199787">Cancel</button></div></div></div></div></div><div class="confirmation-wrapper" style="display: none;"><div class="confirmation-whitewash"></div></div><img src="./Produce_Packaged_Produce_Salads_files/X31OA.jpg" alt="Nature&#39;s Promise Organics Garlic Minced in Water" class="product-grid-cell_main-image" data-block-spinner="true" data-product-id="199787"><div class="product-grid-cell_price-tag"><div class="product-grid-cell_name" role="link" tabindex="0" data-block-spinner="true" data-product-id="199787"><h3 class="product-grid-cell_name-text select-text"><span class="vector-icon_inline-text--left"><div class="vector-icon_outer-wrapper"><div class="vector-icon_container vector-icon-size--xsmall"><svg version="1.1" x="0px" y="0px" focusable="false" viewBox="0 0 945 1024" class="" role="presentation" aria-hidden="true"><title>Ahold Wedge Icon</title><desc>Ahold Icon</desc><path d="M1.893 730.617c-1.289-2.094-2.052-4.631-2.052-7.346 0-0.747 0.058-1.481 0.169-2.197 0.158-12.396 10.227-22.466 22.687-22.634l895.306-0c12.476 0.168 22.545 10.237 22.713 22.698-0.521 3.721-1.182 6.924-2.024 10.053l0.131-0.574c-86.363 175.072-263.598 293.385-468.466 293.385s-382.103-118.313-467.105-290.339l-1.361-3.046z" class="path1" fill="rgb(247, 168, 0)"></path><path d="M107.889 132.495c1.893-1.893 1.893-3.786 3.786-5.678 2.98-3.491 7.385-5.69 12.303-5.69s9.323 2.199 12.284 5.668l0.019 0.022 476.983 476.983c3.491 2.98 5.69 7.385 5.69 12.303s-2.199 9.323-5.668 12.284c-1.399 1.869-3.361 3.216-5.631 3.789l-0.069 0.015c-38.446 13.732-82.796 21.669-129.001 21.669-108.416 0-206.626-43.699-277.977-114.443-70.367-71.826-113.809-170.317-113.809-278.955 0-45.803 7.722-89.803 21.936-130.767l-0.845 2.8z" class="path2" fill="rgb(226, 35, 26)"></path><path d="M600.015 1.893c1.247-1.204 2.948-1.946 4.822-1.946 0.302 0 0.6 0.019 0.891 0.057 0.057-0.006 0.164-0.007 0.272-0.007 7.15 0 12.947 5.796 12.947 12.947 0 0.108-0.001 0.215-0.004 0.322l0-0.016v503.482c0.002 0.091 0.004 0.199 0.004 0.306 0 7.15-5.796 12.947-12.947 12.947-0.108 0-0.215-0.001-0.322-0.004-0.241 0.034-0.539 0.053-0.841 0.053-1.874 0-3.574-0.742-4.824-1.948l0.002 0.002c-98.273-48.542-164.673-148.065-164.673-263.098s66.401-214.556 162.964-262.333l1.709-0.765z" class="path3" fill="rgb(113, 33, 119)"></path><path d="M938.824 283.919c1.893 0 1.893 1.893 3.786 1.893 1.765 2.012 2.841 4.666 2.841 7.571s-1.077 5.559-2.853 7.584l0.011-0.013-268.776 266.884c-2.012 1.765-4.666 2.841-7.571 2.841s-5.559-1.077-7.584-2.853c-1.144-0.651-1.911-1.879-1.911-3.285 0-0.172 0.012-0.342 0.034-0.508l-0.002 0.019c-7.681-21.529-12.12-46.363-12.12-72.235 0-61.263 24.891-116.712 65.111-156.786 39.326-39.792 93.895-64.431 154.219-64.431 26.857 0 52.573 4.884 76.309 13.812l-1.494-0.493z" class="path4" fill="rgb(130, 188, 0)"></path></svg></div></div></span>Nature's Promise Organics Garlic Minced in Water</h3></div><div class="product-grid-cell_price-container" role="link" data-block-spinner="true" data-product-id="199787"><div class="product-grid-cell_regular-price-container"><span class="product-grid-cell_was" aria-hidden="true"></span><span class="product-grid-cell_regular-price"></span></div><span class="product-grid-cell_main-price select-text">$2.59</span><span class="product-grid-cell_hidden-price"></span></div><span class="product-grid-cell_size select-text" role="link" data-block-spinner="true" data-product-id="199787">4.5 oz jar</span><span data-block-spinner="true" data-product-id="199787"><span class="product-grid-cell_unit select-text"> | $0.58 / oz</span></span><div class="buy-more-save-more_cta-grid-container"></div><div class="add-to-cart"><div class="add-to-cart_button"><button class="button button--add-to-cart" data-product-id="199787" data-price="2.59" data-cart-log-location="BROWSE_AISLES" data-persisted-quantity="0" data-other-information="{&quot;catPath&quot;:&quot;1,2098,2275&quot;,&quot;sale&quot;:false,&quot;newArrival&quot;:false,&quot;sponsored&quot;:false,&quot;includeContentTrackingInfo&quot;:true}">Add to Cart</button></div><span class="element-invisible" aria-live="assertive"></span></div></div><div class="spyglass-container"></div></li><li role="region" tabindex="-1" aria-label="New York Texas Toast Croutons Seasoned" class="product-cell product-grid-cell product-grid-cell--quad" data-id="115-&gt;174881" data-position="111"><div class="confirmation-wrapper confirmation-wrapper--hidden" id="confirmation-wrapper--174881"><div class="confirmation-whitewash"><div class="confirmation-dialog"><div class="confirmation-dialog_messages" tabindex="0"><h4 class="confirmation-dialog_message-headline">Remove This Item From Your Cart?</h4></div><div class="confirmation-dialog_action-container"><div class="confirmation-dialog_confirmation-button"><button class="button button--fourth" tabindex="0" data-product-id="174881" data-cart-log-location="BROWSE_AISLES" data-persisted-quantity="undefined" data-price="1.79">OK</button></div><div class="confirmation-dialog_cancel-button"><button class="button button--fourth" tabindex="0" data-product-id="174881">Cancel</button></div></div></div></div></div><div class="confirmation-wrapper" style="display: none;"><div class="confirmation-whitewash"></div></div><img src="./Produce_Packaged_Produce_Salads_files/A33YM.jpg" alt="New York Texas Toast Croutons Seasoned" class="product-grid-cell_main-image" data-block-spinner="true" data-product-id="174881"><div class="product-grid-cell_price-tag"><div class="product-grid-cell_name" role="link" tabindex="0" data-block-spinner="true" data-product-id="174881"><h3 class="product-grid-cell_name-text select-text">New York Texas Toast Croutons Seasoned</h3></div><div class="product-grid-cell_price-container" role="link" data-block-spinner="true" data-product-id="174881"><div class="product-grid-cell_regular-price-container"><span class="product-grid-cell_was" aria-hidden="true"></span><span class="product-grid-cell_regular-price"></span></div><span class="product-grid-cell_main-price select-text">$1.79</span><span class="product-grid-cell_hidden-price"></span></div><span class="product-grid-cell_size select-text" role="link" data-block-spinner="true" data-product-id="174881">5 oz bag</span><span data-block-spinner="true" data-product-id="174881"><span class="product-grid-cell_unit select-text"> | $0.36 / oz</span></span><div class="buy-more-save-more_cta-grid-container"></div><div class="add-to-cart"><div class="add-to-cart_button"><button class="button button--add-to-cart" data-product-id="174881" data-price="1.79" data-cart-log-location="BROWSE_AISLES" data-persisted-quantity="0" data-other-information="{&quot;catPath&quot;:&quot;1,2098,2275&quot;,&quot;sale&quot;:false,&quot;newArrival&quot;:false,&quot;sponsored&quot;:false,&quot;includeContentTrackingInfo&quot;:true}">Add to Cart</button></div><span class="element-invisible" aria-live="assertive"></span></div></div><div class="spyglass-container"></div></li><li role="region" tabindex="-1" aria-label="Chatham Village Croutons Cheese &amp; Garlic Large Cut" class="product-cell product-grid-cell product-grid-cell--quad" data-id="116-&gt;51378" data-position="112"><div class="confirmation-wrapper confirmation-wrapper--hidden" id="confirmation-wrapper--51378"><div class="confirmation-whitewash"><div class="confirmation-dialog"><div class="confirmation-dialog_messages" tabindex="0"><h4 class="confirmation-dialog_message-headline">Remove This Item From Your Cart?</h4></div><div class="confirmation-dialog_action-container"><div class="confirmation-dialog_confirmation-button"><button class="button button--fourth" tabindex="0" data-product-id="51378" data-cart-log-location="BROWSE_AISLES" data-persisted-quantity="undefined" data-price="2.09">OK</button></div><div class="confirmation-dialog_cancel-button"><button class="button button--fourth" tabindex="0" data-product-id="51378">Cancel</button></div></div></div></div></div><div class="confirmation-wrapper" style="display: none;"><div class="confirmation-whitewash"></div></div><img src="./Produce_Packaged_Produce_Salads_files/UGHWC.jpg" alt="Chatham Village Croutons Cheese &amp; Garlic Large Cut" class="product-grid-cell_main-image" data-block-spinner="true" data-product-id="51378"><div class="product-grid-cell_price-tag"><div class="product-grid-cell_name" role="link" tabindex="0" data-block-spinner="true" data-product-id="51378"><h3 class="product-grid-cell_name-text select-text">Chatham Village Croutons Cheese &amp; Garlic Large Cut</h3></div><div class="product-grid-cell_price-container" role="link" data-block-spinner="true" data-product-id="51378"><div class="product-grid-cell_regular-price-container"><span class="product-grid-cell_was" aria-hidden="true"></span><span class="product-grid-cell_regular-price"></span></div><span class="product-grid-cell_main-price select-text">$2.09</span><span class="product-grid-cell_hidden-price"></span></div><span class="product-grid-cell_size select-text" role="link" data-block-spinner="true" data-product-id="51378">5 oz bag</span><span data-block-spinner="true" data-product-id="51378"><span class="product-grid-cell_unit select-text"> | $0.42 / oz</span></span><div class="buy-more-save-more_cta-grid-container"></div><div class="add-to-cart"><div class="add-to-cart_button"><button class="button button--add-to-cart" data-product-id="51378" data-price="2.09" data-cart-log-location="BROWSE_AISLES" data-persisted-quantity="0" data-other-information="{&quot;catPath&quot;:&quot;1,2098,2275&quot;,&quot;sale&quot;:false,&quot;newArrival&quot;:false,&quot;sponsored&quot;:false,&quot;includeContentTrackingInfo&quot;:true}">Add to Cart</button></div><span class="element-invisible" aria-live="assertive"></span></div></div><div class="spyglass-container"></div></li><li role="region" tabindex="-1" aria-label="Garlic Premium White Chopped Polaner" class="product-cell product-grid-cell product-grid-cell--quad" data-id="117-&gt;161139" data-position="113"><div class="confirmation-wrapper confirmation-wrapper--hidden" id="confirmation-wrapper--161139"><div class="confirmation-whitewash"><div class="confirmation-dialog"><div class="confirmation-dialog_messages" tabindex="0"><h4 class="confirmation-dialog_message-headline">Remove This Item From Your Cart?</h4></div><div class="confirmation-dialog_action-container"><div class="confirmation-dialog_confirmation-button"><button class="button button--fourth" tabindex="0" data-product-id="161139" data-cart-log-location="BROWSE_AISLES" data-persisted-quantity="undefined" data-price="3.19">OK</button></div><div class="confirmation-dialog_cancel-button"><button class="button button--fourth" tabindex="0" data-product-id="161139">Cancel</button></div></div></div></div></div><div class="confirmation-wrapper" style="display: none;"><div class="confirmation-whitewash"></div></div><img src="./Produce_Packaged_Produce_Salads_files/4N2R9.jpg" alt="Garlic Premium White Chopped Polaner" class="product-grid-cell_main-image" data-block-spinner="true" data-product-id="161139"><div class="product-grid-cell_price-tag"><div class="product-grid-cell_name" role="link" tabindex="0" data-block-spinner="true" data-product-id="161139"><h3 class="product-grid-cell_name-text select-text">Garlic Premium White Chopped Polaner</h3></div><div class="product-grid-cell_price-container" role="link" data-block-spinner="true" data-product-id="161139"><div class="product-grid-cell_regular-price-container"><span class="product-grid-cell_was" aria-hidden="true"></span><span class="product-grid-cell_regular-price"></span></div><span class="product-grid-cell_main-price select-text">$3.19</span><span class="product-grid-cell_hidden-price"></span></div><span class="product-grid-cell_size select-text" role="link" data-block-spinner="true" data-product-id="161139">4.5 oz jar</span><span data-block-spinner="true" data-product-id="161139"><span class="product-grid-cell_unit select-text"> | $0.71 / oz</span></span><div class="buy-more-save-more_cta-grid-container"></div><div class="add-to-cart"><div class="add-to-cart_button"><button class="button button--add-to-cart" data-product-id="161139" data-price="3.19" data-cart-log-location="BROWSE_AISLES" data-persisted-quantity="0" data-other-information="{&quot;catPath&quot;:&quot;1,2098,2275&quot;,&quot;sale&quot;:false,&quot;newArrival&quot;:false,&quot;sponsored&quot;:false,&quot;includeContentTrackingInfo&quot;:true}">Add to Cart</button></div><span class="element-invisible" aria-live="assertive"></span></div></div><div class="spyglass-container"></div></li><li role="region" tabindex="-1" aria-label="Hormel Real Bacon Bits" class="product-cell product-grid-cell product-grid-cell--quad" data-id="118-&gt;3821" data-position="114"><div class="confirmation-wrapper confirmation-wrapper--hidden" id="confirmation-wrapper--3821"><div class="confirmation-whitewash"><div class="confirmation-dialog"><div class="confirmation-dialog_messages" tabindex="0"><h4 class="confirmation-dialog_message-headline">Remove This Item From Your Cart?</h4></div><div class="confirmation-dialog_action-container"><div class="confirmation-dialog_confirmation-button"><button class="button button--fourth" tabindex="0" data-product-id="3821" data-cart-log-location="BROWSE_AISLES" data-persisted-quantity="undefined" data-price="3.59">OK</button></div><div class="confirmation-dialog_cancel-button"><button class="button button--fourth" tabindex="0" data-product-id="3821">Cancel</button></div></div></div></div></div><div class="confirmation-wrapper" style="display: none;"><div class="confirmation-whitewash"></div></div><div class="vector-icon_absolute--left vector-icon_absolute--top buy-more-save-more_sticker-outer-container" aria-label="buy more save more" tabindex="0" role="link" data-pod-group="1183734" data-block-spinner="true"><span class="vector-icon_inline-text--left buy-more-save-more_link buy-more-save-more_view-deal-sticker"><div class="vector-icon_outer-wrapper"><div class="vector-icon_container vector-icon-size--xxlarge"><svg version="1.1" x="0px" y="0px" focusable="false" viewBox="0 0 1022 1024" class="vector-icon-color--bmsm" role="presentation" aria-hidden="true"><title>view deal icon</title><desc>vew deal icon</desc><path d="M882.478 520.133c0 179.904-164.594 325.744-367.631 325.744s-367.631-145.841-367.631-325.744c0-179.904 164.594-325.744 367.631-325.744s367.631 145.841 367.631 325.744z" class="path1" fill="rgb(255, 255, 255)"></path><path d="M1004.073 382.272c-40.667-15.047-79.708-29.687-119.968-44.734 14.64-40.667 28.467-80.114 43.107-122.002-44.734 0-86.621 0.407-130.135 0.407-1.627-43.514-2.847-84.994-4.473-129.728-41.074 14.64-80.114 28.874-121.188 43.514-16.674-37.414-33.347-74.421-50.834-113.461-33.347 28.060-64.661 54.901-96.788 82.148-30.094-29.28-59.374-58.154-89.468-87.841-19.52 38.634-37.82 74.421-56.934 111.835-39.041-17.080-76.454-33.754-115.902-51.241-4.88 44.734-9.76 87.028-14.234 129.728-42.701-2.847-83.774-5.287-127.695-7.727 12.2 42.294 23.18 82.554 34.974 124.035-40.667 13.827-79.301 27.247-120.375 41.074 25.62 34.974 50.427 68.321 75.641 102.888-33.347 28.060-65.881 55.307-100.041 83.774 37.82 22.774 73.608 43.921 108.988 65.068-20.334 37.82-40.261 74.421-61.001 112.241 42.701 8.947 84.994 17.894 128.102 26.84-7.32 42.701-14.234 82.554-21.147 124.442 45.141-7.32 85.808-14.234 128.508-21.147 8.947 42.294 17.080 82.148 25.62 124.442 38.634-23.994 74.828-46.767 111.835-69.541 24.807 36.6 47.987 71.168 72.794 107.768 25.62-34.974 50.021-67.914 75.234-101.668 36.194 23.587 70.761 46.361 107.768 70.761 11.387-41.887 22.367-82.148 32.94-122.408 43.921 10.98 84.994 21.147 129.322 32.127-4.473-44.734-8.54-85.808-12.607-128.508 41.074-5.693 81.741-10.98 124.848-17.080-16.267-33.754-30.094-65.474-46.361-95.568-9.353-17.487-8.54-26.84 11.387-35.787 30.094-13.42 58.561-30.5 89.061-46.767-31.72-31.314-61.814-60.187-92.315-90.281 27.247-32.94 53.274-64.254 81.334-97.601z" class="path2" fill="rgb(0, 0, 0)"></path><path d="M286.704 537.214l-85.808-114.275 30.907-8.54 63.441 88.248 7.727-108.581 30.907-8.54-13.014 142.335-34.16 9.353z" class="path3" fill="rgb(255, 255, 255)"></path><path d="M396.912 506.307l-36.194-128.102 27.247-7.727 36.194 128.102-27.247 7.727z" class="path4" fill="rgb(255, 255, 255)"></path><path d="M464.013 487.193l-36.194-128.102 90.688-25.62 6.913 23.994-63.441 17.894 7.727 26.84 62.221-17.487 6.913 23.994-62.221 17.487 8.133 29.28 63.441-17.894 6.913 23.994-91.095 25.62z" class="path5" fill="rgb(255, 255, 255)"></path><path d="M688.496 423.752l-47.174-81.741 2.44 94.348-28.874 8.133-72.794-117.935 30.5-8.54 48.801 86.214-2.033-99.228 21.147-6.1 50.427 85.808-3.66-99.228 30.5-8.54-0.407 138.675-28.874 8.133z" class="path6" fill="rgb(255, 255, 255)"></path><path d="M297.684 713.709l-36.194-128.102 50.427-14.234c40.261-11.387 75.234 6.507 86.214 44.734 10.98 39.041-9.76 71.981-49.614 83.368l-50.834 14.234zM370.478 623.835c-6.507-22.367-25.214-36.194-51.241-28.874l-23.587 6.507 22.774 80.114 23.18-6.507c25.214-6.507 34.974-29.28 28.874-51.241z" class="path7" fill="rgb(255, 255, 255)"></path><path d="M450.186 670.602l-36.194-128.102 90.688-25.62 6.913 23.994-63.441 17.894 7.727 26.84 62.221-17.487 6.913 23.994-62.221 17.487 8.133 29.28 63.441-17.894 6.913 23.994-91.095 25.62z" class="path8" fill="rgb(255, 255, 255)"></path><path d="M665.315 610.008l-14.234-19.52-54.901 15.454-2.033 23.994-30.907 8.54 13.014-142.335 34.16-9.76 85.808 114.275-30.907 9.353zM601.468 518.913l-4.473 61.001 39.854-11.387-35.38-49.614z" class="path9" fill="rgb(255, 255, 255)"></path><path d="M721.843 594.148l-36.194-128.102 27.654-7.727 29.28 104.108 54.087-15.454 6.913 23.994-81.741 23.18z" class="path10" fill="rgb(255, 255, 255)"></path></svg></div></div><span class="element-invisible">View items in deal</span></span></div><img src="./Produce_Packaged_Produce_Salads_files/313Y8.jpg" alt="Hormel Real Bacon Bits" class="product-grid-cell_main-image" data-block-spinner="true" data-product-id="3821"><div class="product-grid-cell_price-tag overlay--open" tabindex="0" aria-hidden="false"><div class="product-grid-cell_name" role="link" tabindex="0" data-block-spinner="true" data-product-id="3821"><h3 class="product-grid-cell_name-text select-text">Hormel Real Bacon Bits</h3></div><div class="product-grid-cell_price-container" role="link" data-block-spinner="true" data-product-id="3821"><div class="product-grid-cell_regular-price-container"><span class="product-grid-cell_was" aria-hidden="true"></span><span class="product-grid-cell_regular-price"></span></div><span class="product-grid-cell_main-price select-text">$3.59</span><span class="product-grid-cell_hidden-price"></span></div><span class="product-grid-cell_size select-text" role="link" data-block-spinner="true" data-product-id="3821">3 oz jar</span><span data-block-spinner="true" data-product-id="3821"><span class="product-grid-cell_unit select-text"> | $1.20 / oz</span></span><div class="buy-more-save-more_cta-grid-container" aria-label="Buy 2, 2nd is Free" tabindex="0" role="link" data-pod-group="1183734" data-block-spinner="true"><span class="buy-more-save-more_cta buy-more-save-more_link">Buy 2, 2nd is Free<span aria-hidden="true"></span></span></div><div class="add-to-cart"><div class="add-to-cart_button"><button class="button button--add-to-cart" data-product-id="3821" data-price="3.59" data-cart-log-location="BROWSE_AISLES" data-persisted-quantity="0" data-other-information="{&quot;catPath&quot;:&quot;1,2098,2275&quot;,&quot;sale&quot;:false,&quot;newArrival&quot;:false,&quot;sponsored&quot;:false,&quot;includeContentTrackingInfo&quot;:true}">Add to Cart</button></div><span class="element-invisible" aria-live="assertive"></span></div></div><div class="product-grid-cell_bulk-buy-container overlay--closed" tabindex="-1" aria-hidden="true"><bulk-buy-scroller other-information="otherInformation" on-close="onCloseBMSMOverlay()" product="product" cart-log-location="cartLogLocation" options="options" product-id="product.prodId"><!----><div ng-class="{&#39;bulk-buy-scroller_container--vertical&#39;: $ctrl.options.bulkBuyVerticalStyle}" class="bulk-buy-scroller_container bulk-buy-scroller_container--vertical" ng-if="$ctrl.shouldShowBulkBuy()"><!----><div class="bulk-buy-scroller_header-container" ng-if="$ctrl.isSIMQ() || (!$ctrl.isSIMQ() &amp;&amp; $ctrl.isShelf()) "><!----><h4 id="bulk-buy-scroller_heading--3821" class="bulk-buy-scroller_heading text-center" ng-class="{
            &#39;bulk-buy-scroller_heading--reverse&#39;: $ctrl.options.bulkBuyReverseStyle,
            &#39;text-center&#39;: $ctrl.isShelf()
        }">Buy More Save More</h4><!----><button ng-if="($ctrl.options.bulkBuyReverseStyle || $ctrl.options.bulkBuyVerticalStyle)" ng-click="$ctrl.close()" ng-class="{
            &#39;bulk-buy-scroller_close-button--reverse&#39;: $ctrl.options.bulkBuyReverseStyle,
            &#39;bulk-buy-scroller_close-button--vertical&#39;: $ctrl.options.bulkBuyVerticalStyle,
            &#39;button--white-no-border&#39;: $ctrl.state.currentQuantity === 0,
            &#39;button--lightest-grey&#39;: $ctrl.state.currentQuantity &gt; 0
            }" class="button bulk-buy-scroller_close-button bulk-buy-scroller_close-button--vertical button--white-no-border" aria-label="Close Promotion Options" tabindex="0"><div class="vector-icon_outer-wrapper" svg-id="icon_close" svg-class="vector-icon-color--dark-grey" container-class="vector-icon-size--xxsmall" svg-title="Close Icon" svg-description="X Icon" svg-role="presentation" svg-aria-hidden="true"><div class="vector-icon_container vector-icon-size--xxsmall"><svg version="1.1" x="0px" y="0px" focusable="false" viewBox="0 0 1024 1024" class="vector-icon-color--dark-grey" role="presentation" aria-hidden="true"><title>Close Icon</title><desc>X Icon</desc><path d="M20.685 1003.315c27.546 27.546 72.397 27.546 99.942 0l391.373-391.373 391.373 391.373c27.546 27.546 72.397 27.546 99.942 0s27.546-72.397 0-99.942l-391.373-391.373 391.373-391.373c27.546-27.546 27.546-72.397 0-99.942s-72.397-27.546-99.942 0l-391.373 391.373-391.373-391.373c-27.546-27.546-72.397-27.546-99.942 0s-27.546 72.397 0 99.942l391.373 391.373-391.373 391.373c-27.597 27.546-27.597 72.397 0 99.942z" class="path1"></path></svg></div></div></button><!----></div><!----><!----><div class="bulk-buy-scroller_mix-match-container bulk-buy-scroller_mix-match-container--vertical" ng-if="!$ctrl.isSIMQ() &amp;&amp; $ctrl.isShelf()" ng-class="{
            &#39;bulk-buy-scroller_mix-match-container--reverse&#39;: $ctrl.options.bulkBuyReverseStyle,
            &#39;bulk-buy-scroller_mix-match-container--vertical&#39;: $ctrl.options.bulkBuyVerticalStyle,
            &#39;bulk-buy-scroller_mix-match-container--normal&#39;: $ctrl.options.bulkBuyNormalStyle
        }"><button class="button bulk-buy-scroller_mix-match-button" ng-click="$ctrl.openProductGroup()" tabindex="0"><span class="bulk-buy-scroller_button-headline">Buy 2, 2nd is Free</span> <span class="bulk-buy-scroller_button-cta">Mix &amp; Match Options </span></button></div><!----><!----><!----></div><!----></bulk-buy-scroller><div class="add-to-cart"><div class="add-to-cart_button"><button class="button button--add-to-cart" data-product-id="3821" data-price="3.59" data-cart-log-location="BROWSE_AISLES" data-persisted-quantity="0" data-other-information="{&quot;catPath&quot;:&quot;1,2098,2275&quot;,&quot;sale&quot;:false,&quot;newArrival&quot;:false,&quot;sponsored&quot;:false,&quot;includeContentTrackingInfo&quot;:true}">Add to Cart</button></div><span class="element-invisible" aria-live="assertive"></span></div></div><div class="spyglass-container"></div></li><li role="region" tabindex="-1" aria-label="Ready Pac Bistro Salad Kit with Grilled Chicken Santa Fe Style" class="product-cell product-grid-cell product-grid-cell--quad" data-id="119-&gt;226285" data-position="115"><div class="confirmation-wrapper confirmation-wrapper--hidden" id="confirmation-wrapper--226285"><div class="confirmation-whitewash"><div class="confirmation-dialog"><div class="confirmation-dialog_messages" tabindex="0"><h4 class="confirmation-dialog_message-headline">Remove This Item From Your Cart?</h4></div><div class="confirmation-dialog_action-container"><div class="confirmation-dialog_confirmation-button"><button class="button button--fourth" tabindex="0" data-product-id="226285" data-cart-log-location="BROWSE_AISLES" data-persisted-quantity="undefined" data-price="5.99">OK</button></div><div class="confirmation-dialog_cancel-button"><button class="button button--fourth" tabindex="0" data-product-id="226285">Cancel</button></div></div></div></div></div><div class="confirmation-wrapper" style="display: none;"><div class="confirmation-whitewash"></div></div><img src="./Produce_Packaged_Produce_Salads_files/VMRRJ.jpg" alt="Ready Pac Bistro Salad Kit with Grilled Chicken Santa Fe Style" class="product-grid-cell_main-image" data-block-spinner="true" data-product-id="226285"><div class="product-grid-cell_price-tag"><div class="product-grid-cell_name" role="link" tabindex="0" data-block-spinner="true" data-product-id="226285"><h3 class="product-grid-cell_name-text select-text">Ready Pac Bistro Salad Kit with Grilled Chicken Santa Fe Style</h3></div><div class="product-grid-cell_price-container" role="link" data-block-spinner="true" data-product-id="226285"><div class="product-grid-cell_regular-price-container"><span class="product-grid-cell_was" aria-hidden="true"></span><span class="product-grid-cell_regular-price"></span></div><span class="product-grid-cell_main-price select-text">$5.99</span><span class="product-grid-cell_hidden-price"></span></div><span class="product-grid-cell_size select-text" role="link" data-block-spinner="true" data-product-id="226285">15.2 oz pkg</span><span data-block-spinner="true" data-product-id="226285"><span class="product-grid-cell_unit select-text"> | $0.39 / oz</span></span><div class="buy-more-save-more_cta-grid-container"></div><div class="add-to-cart"><div class="add-to-cart_button"><button class="button button--add-to-cart" data-product-id="226285" data-price="5.99" data-cart-log-location="BROWSE_AISLES" data-persisted-quantity="0" data-other-information="{&quot;catPath&quot;:&quot;1,2098,2275&quot;,&quot;sale&quot;:false,&quot;newArrival&quot;:false,&quot;sponsored&quot;:false,&quot;includeContentTrackingInfo&quot;:true}">Add to Cart</button></div><span class="element-invisible" aria-live="assertive"></span></div></div><div class="spyglass-container"></div></li><li role="region" tabindex="-1" aria-label="Bob Evans Potatoes Home Fries Restaurant Style" class="product-cell product-grid-cell product-grid-cell--quad" data-id="120-&gt;102118" data-position="116"><div class="confirmation-wrapper confirmation-wrapper--hidden" id="confirmation-wrapper--102118"><div class="confirmation-whitewash"><div class="confirmation-dialog"><div class="confirmation-dialog_messages" tabindex="0"><h4 class="confirmation-dialog_message-headline">Remove This Item From Your Cart?</h4></div><div class="confirmation-dialog_action-container"><div class="confirmation-dialog_confirmation-button"><button class="button button--fourth" tabindex="0" data-product-id="102118" data-cart-log-location="BROWSE_AISLES" data-persisted-quantity="undefined" data-price="2.99">OK</button></div><div class="confirmation-dialog_cancel-button"><button class="button button--fourth" tabindex="0" data-product-id="102118">Cancel</button></div></div></div></div></div><div class="confirmation-wrapper" style="display: none;"><div class="confirmation-whitewash"></div></div><img src="./Produce_Packaged_Produce_Salads_files/CEXSZ.jpg" alt="Bob Evans Potatoes Home Fries Restaurant Style" class="product-grid-cell_main-image" data-block-spinner="true" data-product-id="102118"><div class="product-grid-cell_price-tag"><div class="product-grid-cell_name" role="link" tabindex="0" data-block-spinner="true" data-product-id="102118"><h3 class="product-grid-cell_name-text select-text">Bob Evans Potatoes Home Fries Restaurant Style</h3></div><div class="product-grid-cell_price-container" role="link" data-block-spinner="true" data-product-id="102118"><div class="product-grid-cell_regular-price-container"><span class="product-grid-cell_was" aria-hidden="true"></span><span class="product-grid-cell_regular-price"></span></div><span class="product-grid-cell_main-price select-text">$2.99</span><span class="product-grid-cell_hidden-price"></span></div><span class="product-grid-cell_size select-text" role="link" data-block-spinner="true" data-product-id="102118">20 oz pkg</span><span data-block-spinner="true" data-product-id="102118"><span class="product-grid-cell_unit select-text"> | $0.15 / oz</span></span><div class="buy-more-save-more_cta-grid-container"></div><div class="add-to-cart"><div class="add-to-cart_button"><button class="button button--add-to-cart" data-product-id="102118" data-price="2.99" data-cart-log-location="BROWSE_AISLES" data-persisted-quantity="0" data-other-information="{&quot;catPath&quot;:&quot;1,2098,2275&quot;,&quot;sale&quot;:false,&quot;newArrival&quot;:false,&quot;sponsored&quot;:false,&quot;includeContentTrackingInfo&quot;:true}">Add to Cart</button></div><span class="element-invisible" aria-live="assertive"></span></div></div><div class="spyglass-container"></div></li><li role="region" tabindex="-1" aria-label="Fresh Gourmet Crunchy Toppings Tortilla Strips Tri-Color" class="product-cell product-grid-cell product-grid-cell--quad" data-id="121-&gt;153654" data-position="117"><div class="confirmation-wrapper confirmation-wrapper--hidden" id="confirmation-wrapper--153654"><div class="confirmation-whitewash"><div class="confirmation-dialog"><div class="confirmation-dialog_messages" tabindex="0"><h4 class="confirmation-dialog_message-headline">Remove This Item From Your Cart?</h4></div><div class="confirmation-dialog_action-container"><div class="confirmation-dialog_confirmation-button"><button class="button button--fourth" tabindex="0" data-product-id="153654" data-cart-log-location="BROWSE_AISLES" data-persisted-quantity="undefined" data-price="2.69">OK</button></div><div class="confirmation-dialog_cancel-button"><button class="button button--fourth" tabindex="0" data-product-id="153654">Cancel</button></div></div></div></div></div><div class="confirmation-wrapper" style="display: none;"><div class="confirmation-whitewash"></div></div><div class="item-detail_flag--outer-container"><div class="item-detail_flag--container"><div class="item-detail_flag--flag lped">Low Price</div></div></div><img src="./Produce_Packaged_Produce_Salads_files/XBSQJ.jpg" alt="Fresh Gourmet Crunchy Toppings Tortilla Strips Tri-Color" class="product-grid-cell_main-image" data-block-spinner="true" data-product-id="153654"><div class="product-grid-cell_price-tag"><div class="product-grid-cell_name" role="link" tabindex="0" data-block-spinner="true" data-product-id="153654"><h3 class="product-grid-cell_name-text select-text">Fresh Gourmet Crunchy Toppings Tortilla Strips Tri-Color</h3></div><div class="product-grid-cell_price-container" role="link" data-block-spinner="true" data-product-id="153654"><div class="product-grid-cell_regular-price-container"><span class="product-grid-cell_was" aria-hidden="true"></span><span class="product-grid-cell_regular-price"></span></div><span class="product-grid-cell_main-price select-text">$2.69</span><span class="product-grid-cell_hidden-price"></span></div><span class="product-grid-cell_size select-text" role="link" data-block-spinner="true" data-product-id="153654">3.5 oz bag</span><span data-block-spinner="true" data-product-id="153654"><span class="product-grid-cell_unit select-text"> | $0.77 / oz</span></span><div class="buy-more-save-more_cta-grid-container"></div><div class="add-to-cart"><div class="add-to-cart_button"><button class="button button--add-to-cart" data-product-id="153654" data-price="2.69" data-cart-log-location="BROWSE_AISLES" data-persisted-quantity="0" data-other-information="{&quot;catPath&quot;:&quot;1,2098,2275&quot;,&quot;sale&quot;:false,&quot;newArrival&quot;:false,&quot;sponsored&quot;:false,&quot;includeContentTrackingInfo&quot;:true}">Add to Cart</button></div><span class="element-invisible" aria-live="assertive"></span></div></div><div class="spyglass-container"></div></li><li role="region" tabindex="-1" aria-label="Nature&#39;s Promise Organic Salad Bowl Chicken with Spinach" class="product-cell product-grid-cell product-grid-cell--quad" data-id="122-&gt;226670" data-position="118"><div class="confirmation-wrapper confirmation-wrapper--hidden" id="confirmation-wrapper--226670"><div class="confirmation-whitewash"><div class="confirmation-dialog"><div class="confirmation-dialog_messages" tabindex="0"><h4 class="confirmation-dialog_message-headline">Remove This Item From Your Cart?</h4></div><div class="confirmation-dialog_action-container"><div class="confirmation-dialog_confirmation-button"><button class="button button--fourth" tabindex="0" data-product-id="226670" data-cart-log-location="BROWSE_AISLES" data-persisted-quantity="undefined" data-price="4.49">OK</button></div><div class="confirmation-dialog_cancel-button"><button class="button button--fourth" tabindex="0" data-product-id="226670">Cancel</button></div></div></div></div></div><div class="confirmation-wrapper" style="display: none;"><div class="confirmation-whitewash"></div></div><img src="./Produce_Packaged_Produce_Salads_files/R2EC3.jpg" alt="Nature&#39;s Promise Organic Salad Bowl Chicken with Spinach" class="product-grid-cell_main-image" data-block-spinner="true" data-product-id="226670"><div class="product-grid-cell_price-tag"><div class="product-grid-cell_name" role="link" tabindex="0" data-block-spinner="true" data-product-id="226670"><h3 class="product-grid-cell_name-text select-text"><span class="vector-icon_inline-text--left"><div class="vector-icon_outer-wrapper"><div class="vector-icon_container vector-icon-size--xsmall"><svg version="1.1" x="0px" y="0px" focusable="false" viewBox="0 0 945 1024" class="" role="presentation" aria-hidden="true"><title>Ahold Wedge Icon</title><desc>Ahold Icon</desc><path d="M1.893 730.617c-1.289-2.094-2.052-4.631-2.052-7.346 0-0.747 0.058-1.481 0.169-2.197 0.158-12.396 10.227-22.466 22.687-22.634l895.306-0c12.476 0.168 22.545 10.237 22.713 22.698-0.521 3.721-1.182 6.924-2.024 10.053l0.131-0.574c-86.363 175.072-263.598 293.385-468.466 293.385s-382.103-118.313-467.105-290.339l-1.361-3.046z" class="path1" fill="rgb(247, 168, 0)"></path><path d="M107.889 132.495c1.893-1.893 1.893-3.786 3.786-5.678 2.98-3.491 7.385-5.69 12.303-5.69s9.323 2.199 12.284 5.668l0.019 0.022 476.983 476.983c3.491 2.98 5.69 7.385 5.69 12.303s-2.199 9.323-5.668 12.284c-1.399 1.869-3.361 3.216-5.631 3.789l-0.069 0.015c-38.446 13.732-82.796 21.669-129.001 21.669-108.416 0-206.626-43.699-277.977-114.443-70.367-71.826-113.809-170.317-113.809-278.955 0-45.803 7.722-89.803 21.936-130.767l-0.845 2.8z" class="path2" fill="rgb(226, 35, 26)"></path><path d="M600.015 1.893c1.247-1.204 2.948-1.946 4.822-1.946 0.302 0 0.6 0.019 0.891 0.057 0.057-0.006 0.164-0.007 0.272-0.007 7.15 0 12.947 5.796 12.947 12.947 0 0.108-0.001 0.215-0.004 0.322l0-0.016v503.482c0.002 0.091 0.004 0.199 0.004 0.306 0 7.15-5.796 12.947-12.947 12.947-0.108 0-0.215-0.001-0.322-0.004-0.241 0.034-0.539 0.053-0.841 0.053-1.874 0-3.574-0.742-4.824-1.948l0.002 0.002c-98.273-48.542-164.673-148.065-164.673-263.098s66.401-214.556 162.964-262.333l1.709-0.765z" class="path3" fill="rgb(113, 33, 119)"></path><path d="M938.824 283.919c1.893 0 1.893 1.893 3.786 1.893 1.765 2.012 2.841 4.666 2.841 7.571s-1.077 5.559-2.853 7.584l0.011-0.013-268.776 266.884c-2.012 1.765-4.666 2.841-7.571 2.841s-5.559-1.077-7.584-2.853c-1.144-0.651-1.911-1.879-1.911-3.285 0-0.172 0.012-0.342 0.034-0.508l-0.002 0.019c-7.681-21.529-12.12-46.363-12.12-72.235 0-61.263 24.891-116.712 65.111-156.786 39.326-39.792 93.895-64.431 154.219-64.431 26.857 0 52.573 4.884 76.309 13.812l-1.494-0.493z" class="path4" fill="rgb(130, 188, 0)"></path></svg></div></div></span>Nature's Promise Organic Salad Bowl Chicken with Spinach</h3></div><div class="product-grid-cell_price-container" role="link" data-block-spinner="true" data-product-id="226670"><div class="product-grid-cell_regular-price-container"><span class="product-grid-cell_was" aria-hidden="true"></span><span class="product-grid-cell_regular-price"></span></div><span class="product-grid-cell_main-price select-text">$4.49</span><span class="product-grid-cell_hidden-price"></span></div><span class="product-grid-cell_size select-text" role="link" data-block-spinner="true" data-product-id="226670">4 oz bwl</span><span data-block-spinner="true" data-product-id="226670"><span class="product-grid-cell_unit select-text"> | $1.12 / oz</span></span><div class="buy-more-save-more_cta-grid-container"></div><div class="add-to-cart"><div class="add-to-cart_button"><button class="button button--add-to-cart" data-product-id="226670" data-price="4.49" data-cart-log-location="BROWSE_AISLES" data-persisted-quantity="0" data-other-information="{&quot;catPath&quot;:&quot;1,2098,2275&quot;,&quot;sale&quot;:false,&quot;newArrival&quot;:false,&quot;sponsored&quot;:false,&quot;includeContentTrackingInfo&quot;:true}">Add to Cart</button></div><span class="element-invisible" aria-live="assertive"></span></div></div><div class="spyglass-container"></div></li><li role="region" tabindex="-1" aria-label="Fresh Gourmet Salad Toppings Dried and Sweet Cranberries &amp; Glazed Walnuts" class="product-cell product-grid-cell product-grid-cell--quad" data-id="123-&gt;191503" data-position="119"><div class="confirmation-wrapper confirmation-wrapper--hidden" id="confirmation-wrapper--191503"><div class="confirmation-whitewash"><div class="confirmation-dialog"><div class="confirmation-dialog_messages" tabindex="0"><h4 class="confirmation-dialog_message-headline">Remove This Item From Your Cart?</h4></div><div class="confirmation-dialog_action-container"><div class="confirmation-dialog_confirmation-button"><button class="button button--fourth" tabindex="0" data-product-id="191503" data-cart-log-location="BROWSE_AISLES" data-persisted-quantity="undefined" data-price="4.39">OK</button></div><div class="confirmation-dialog_cancel-button"><button class="button button--fourth" tabindex="0" data-product-id="191503">Cancel</button></div></div></div></div></div><div class="confirmation-wrapper" style="display: none;"><div class="confirmation-whitewash"></div></div><img src="./Produce_Packaged_Produce_Salads_files/N3GJU.jpg" alt="Fresh Gourmet Salad Toppings Dried and Sweet Cranberries &amp; Glazed Walnuts" class="product-grid-cell_main-image" data-block-spinner="true" data-product-id="191503"><div class="product-grid-cell_price-tag"><div class="product-grid-cell_name" role="link" tabindex="0" data-block-spinner="true" data-product-id="191503"><h3 class="product-grid-cell_name-text select-text">Fresh Gourmet Salad Toppings Dried and Sweet Cranberries &amp; Glazed Walnuts</h3></div><div class="product-grid-cell_price-container" role="link" data-block-spinner="true" data-product-id="191503"><div class="product-grid-cell_regular-price-container"><span class="product-grid-cell_was" aria-hidden="true"></span><span class="product-grid-cell_regular-price"></span></div><span class="product-grid-cell_main-price select-text">$4.39</span><span class="product-grid-cell_hidden-price"></span></div><span class="product-grid-cell_size select-text" role="link" data-block-spinner="true" data-product-id="191503">3.5 oz bag</span><span data-block-spinner="true" data-product-id="191503"><span class="product-grid-cell_unit select-text"> | $1.25 / oz</span></span><div class="buy-more-save-more_cta-grid-container"></div><div class="add-to-cart"><div class="add-to-cart_button"><button class="button button--add-to-cart" data-product-id="191503" data-price="4.39" data-cart-log-location="BROWSE_AISLES" data-persisted-quantity="0" data-other-information="{&quot;catPath&quot;:&quot;1,2098,2275&quot;,&quot;sale&quot;:false,&quot;newArrival&quot;:false,&quot;sponsored&quot;:false,&quot;includeContentTrackingInfo&quot;:true}">Add to Cart</button></div><span class="element-invisible" aria-live="assertive"></span></div></div><div class="spyglass-container"></div></li><li role="region" tabindex="-1" aria-label="Stop &amp; Shop Apples Green Slices" class="product-cell product-grid-cell product-grid-cell--quad" data-id="124-&gt;216220" data-position="120"><div class="confirmation-wrapper confirmation-wrapper--hidden" id="confirmation-wrapper--216220"><div class="confirmation-whitewash"><div class="confirmation-dialog"><div class="confirmation-dialog_messages" tabindex="0"><h4 class="confirmation-dialog_message-headline">Remove This Item From Your Cart?</h4></div><div class="confirmation-dialog_action-container"><div class="confirmation-dialog_confirmation-button"><button class="button button--fourth" tabindex="0" data-product-id="216220" data-cart-log-location="BROWSE_AISLES" data-persisted-quantity="undefined" data-price="4.99">OK</button></div><div class="confirmation-dialog_cancel-button"><button class="button button--fourth" tabindex="0" data-product-id="216220">Cancel</button></div></div></div></div></div><div class="confirmation-wrapper" style="display: none;"><div class="confirmation-whitewash"></div></div><img src="./Produce_Packaged_Produce_Salads_files/9TYOU.jpg" alt="Stop &amp; Shop Apples Green Slices" class="product-grid-cell_main-image" data-block-spinner="true" data-product-id="216220"><div class="product-grid-cell_price-tag"><div class="product-grid-cell_name" role="link" tabindex="0" data-block-spinner="true" data-product-id="216220"><h3 class="product-grid-cell_name-text select-text"><span class="vector-icon_inline-text--left"><div class="vector-icon_outer-wrapper"><div class="vector-icon_container vector-icon-size--xsmall"><svg version="1.1" x="0px" y="0px" focusable="false" viewBox="0 0 945 1024" class="" role="presentation" aria-hidden="true"><title>Ahold Wedge Icon</title><desc>Ahold Icon</desc><path d="M1.893 730.617c-1.289-2.094-2.052-4.631-2.052-7.346 0-0.747 0.058-1.481 0.169-2.197 0.158-12.396 10.227-22.466 22.687-22.634l895.306-0c12.476 0.168 22.545 10.237 22.713 22.698-0.521 3.721-1.182 6.924-2.024 10.053l0.131-0.574c-86.363 175.072-263.598 293.385-468.466 293.385s-382.103-118.313-467.105-290.339l-1.361-3.046z" class="path1" fill="rgb(247, 168, 0)"></path><path d="M107.889 132.495c1.893-1.893 1.893-3.786 3.786-5.678 2.98-3.491 7.385-5.69 12.303-5.69s9.323 2.199 12.284 5.668l0.019 0.022 476.983 476.983c3.491 2.98 5.69 7.385 5.69 12.303s-2.199 9.323-5.668 12.284c-1.399 1.869-3.361 3.216-5.631 3.789l-0.069 0.015c-38.446 13.732-82.796 21.669-129.001 21.669-108.416 0-206.626-43.699-277.977-114.443-70.367-71.826-113.809-170.317-113.809-278.955 0-45.803 7.722-89.803 21.936-130.767l-0.845 2.8z" class="path2" fill="rgb(226, 35, 26)"></path><path d="M600.015 1.893c1.247-1.204 2.948-1.946 4.822-1.946 0.302 0 0.6 0.019 0.891 0.057 0.057-0.006 0.164-0.007 0.272-0.007 7.15 0 12.947 5.796 12.947 12.947 0 0.108-0.001 0.215-0.004 0.322l0-0.016v503.482c0.002 0.091 0.004 0.199 0.004 0.306 0 7.15-5.796 12.947-12.947 12.947-0.108 0-0.215-0.001-0.322-0.004-0.241 0.034-0.539 0.053-0.841 0.053-1.874 0-3.574-0.742-4.824-1.948l0.002 0.002c-98.273-48.542-164.673-148.065-164.673-263.098s66.401-214.556 162.964-262.333l1.709-0.765z" class="path3" fill="rgb(113, 33, 119)"></path><path d="M938.824 283.919c1.893 0 1.893 1.893 3.786 1.893 1.765 2.012 2.841 4.666 2.841 7.571s-1.077 5.559-2.853 7.584l0.011-0.013-268.776 266.884c-2.012 1.765-4.666 2.841-7.571 2.841s-5.559-1.077-7.584-2.853c-1.144-0.651-1.911-1.879-1.911-3.285 0-0.172 0.012-0.342 0.034-0.508l-0.002 0.019c-7.681-21.529-12.12-46.363-12.12-72.235 0-61.263 24.891-116.712 65.111-156.786 39.326-39.792 93.895-64.431 154.219-64.431 26.857 0 52.573 4.884 76.309 13.812l-1.494-0.493z" class="path4" fill="rgb(130, 188, 0)"></path></svg></div></div></span>Stop &amp; Shop Apples Green Slices</h3></div><div class="product-grid-cell_price-container" role="link" data-block-spinner="true" data-product-id="216220"><div class="product-grid-cell_regular-price-container"><span class="product-grid-cell_was" aria-hidden="true"></span><span class="product-grid-cell_regular-price"></span></div><span class="product-grid-cell_main-price select-text">$4.99</span><span class="product-grid-cell_hidden-price"></span></div><span class="product-grid-cell_size select-text" role="link" data-block-spinner="true" data-product-id="216220">32 oz pkg</span><span data-block-spinner="true" data-product-id="216220"><span class="product-grid-cell_unit select-text"> | $0.16 / oz</span></span><div class="buy-more-save-more_cta-grid-container"></div><div class="add-to-cart"><div class="add-to-cart_button"><button class="button button--add-to-cart" data-product-id="216220" data-price="4.99" data-cart-log-location="BROWSE_AISLES" data-persisted-quantity="0" data-other-information="{&quot;catPath&quot;:&quot;1,2098,2275&quot;,&quot;sale&quot;:false,&quot;newArrival&quot;:false,&quot;sponsored&quot;:false,&quot;includeContentTrackingInfo&quot;:true}">Add to Cart</button></div><span class="element-invisible" aria-live="assertive"></span></div></div><div class="spyglass-container"></div></li><li><div collection-interweave-item="interwovenContent"><div generic-content-interweave-datasource="" data="interwovenContent.content.content" region="browse_aisles_shelf_content" class=""><div generic-content-region="" region="browse_aisles_shelf_content" interwoven="true"><div><div ng-class="methods.classForRegionSize(regionSize, ! content.model.contentData[ interwovenContent.content.region ], methods.contentLayouts(content.model.contentData[ interwovenContent.content.region ], regionSize).layout.length )" width-variable="regionSize" width-values="widthBreakpoints.defaultBreakpoints" class="generic-content_region-contents--medium"><!----><div ng-class="methods.classForContentItem(contentItem, $last, $first)" ng-repeat="contentItem in methods.contentLayouts(content.model.contentData[ interwovenContent.content.region ], regionSize).layout" class="generic-content_content-item--full-width generic-content_content-item--omega generic-content_content-item--alpha"><div class="generic-content_renderer" generic-content-renderer="contentItem"><div class="generic-content_renderer-contents" ng-class="{&#39;generic-content_renderer-contents--loading&#39; : state.preloading}" style=""><div ng-switch="" on="adContentWidth" content-interaction-tracker="" width-variable="adContentWidth" width-values="widthBreakpoints.defaultBreakpoints"><!----><!----><div ng-switch-default="" class="generic-content_content-item-table" quotient-ad-datasource=""><div class="adsense_wrapper adsense_wrapper--alpha generic-content_content-item-table-cell"><div class="adsense_container" quotient-ad="" classes="interwoven ? &#39;interweaved-content_leader interweaved-content_trailer&#39; : &#39;splash-page_ads-container&#39;" size="[728,90]" cat-tree-id="productData.category.categoryTreeId" keywords="productData.keywords"><div id="gpt-ad-128" class="interweaved-content_leader interweaved-content_trailer"></div></div></div></div><!----></div></div><div class="generic-content_renderer-animation-container animation-fade ng-hide" ng-hide="!state.preloading" style=""><div width-variable="contentSize" width-observer="contentMethods.contentWidthObserver" width-values="widthBreakpoints.defaultBreakpoints" class="generic-content_renderer-animation "></div></div></div></div><!----></div></div></div></div></div></li><!-- end ppdCollection: productData.products renderer: product --></ul></div></div><!----><!----><div class="product-view--load-more" ng-if="updatingProductSet !== true" style=""><!----><button ng-if="infiniteScrollHasNext" class="button button--third button-width--lg" loading="true" ng-click="infiniteScrollHandler()" prevent-focus-to-nearest-item="true" tabindex="0">View More</button><!----><!----><!----></div><!----></div></div><!----><!----></div><footer-module><div id="pdl-footer-mount-point"><footer class="site-footer"><div class="site-footer_max-width-container"><div class="site-footer--tablet"><div style="display: none;"><div class="spyglass_container spyglass_container--nav-group-type" style="display: none;"><h3>Container/Scheduler</h3><ul><li><span class="spyglass_label">Scheduled Id</span>:
  <a href="http://jiracore.peapod.com/browse/CS-69200" target="_blank" class="spyglass_jira-id-link">
    CS-69200
  </a><!----><!----></li><li><span class="spyglass_label">Container Id</span>:
  <a href="http://jiracore.peapod.com/browse/CS-69225" target="_blank" class="spyglass_jira-id-link">
    CS-69225
  </a><!----><!----></li><li><span class="spyglass_label">Start Date</span>:
  <!----><!----><span>2019-05-29</span></li><li><span class="spyglass_label">End Date</span>:
  <!----><!----><span>2029-05-30</span></li><li><span class="spyglass_label">Module Type</span>:
  <!----><!----><span>Content: Nav Group</span></li><li><span class="spyglass_label">Site Location</span>:
  <!----><!----><span>footer_mainnav</span></li><li><span class="spyglass_label">Customer Status</span>:
  <!----><!----><span>New Customer,Existing Customer</span></li><li><span class="spyglass_label">Customer Type</span>:
  <!----><!----><span>Consumer,Merchant</span></li></ul><div><h3>Sub-Tasks:</h3><ul><li><ul><li><span class="spyglass_label">Accordion Heading</span>:
  <!----><!----><span></span></li><li><span class="spyglass_label">Subtask Id</span>:
  <a href="http://jiracore.peapod.com/browse/CS-69201" target="_blank" class="spyglass_jira-id-link">
    CS-69201
  </a><!----><!----></li><li><span class="spyglass_label">Module Type</span>:
  <!----><!----><span>Content Module: Accordion</span></li></ul></li><li><ul><li><span class="spyglass_label">SubTask Id</span>:
  <a href="http://jiracore.peapod.com/browse/CS-69202" target="_blank" class="spyglass_jira-id-link">
    CS-69202
  </a><!----><!----></li><li><span class="spyglass_label">Headline Copy</span>:
  <!----><!----><span>Browse Aisles</span></li><li><span class="spyglass_label">Button Link</span>:
  <!----><!----><span></span></li><li><span class="spyglass_label">Button Link Type</span>:
  <!----><!----><span>Internal</span></li><li><span class="spyglass_label">Module Type</span>:
  <!----><!----><span>Content Module: Nav Item</span></li></ul></li><li><ul><li><span class="spyglass_label">SubTask Id</span>:
  <a href="http://jiracore.peapod.com/browse/CS-69203" target="_blank" class="spyglass_jira-id-link">
    CS-69203
  </a><!----><!----></li><li><span class="spyglass_label">Headline Copy</span>:
  <!----><!----><span>Order Genius</span></li><li><span class="spyglass_label">Button Link</span>:
  <!----><!----><span></span></li><li><span class="spyglass_label">Button Link Type</span>:
  <!----><!----><span>Internal</span></li><li><span class="spyglass_label">Module Type</span>:
  <!----><!----><span>Content Module: Nav Item</span></li></ul></li><li><ul><li><span class="spyglass_label">SubTask Id</span>:
  <a href="http://jiracore.peapod.com/browse/CS-69204" target="_blank" class="spyglass_jira-id-link">
    CS-69204
  </a><!----><!----></li><li><span class="spyglass_label">Headline Copy</span>:
  <!----><!----><span>Specials</span></li><li><span class="spyglass_label">Button Link</span>:
  <!----><!----><span></span></li><li><span class="spyglass_label">Button Link Type</span>:
  <!----><!----><span>Internal</span></li><li><span class="spyglass_label">Module Type</span>:
  <!----><!----><span>Content Module: Nav Item</span></li></ul></li><li><ul><li><span class="spyglass_label">SubTask Id</span>:
  <a href="http://jiracore.peapod.com/browse/CS-69205" target="_blank" class="spyglass_jira-id-link">
    CS-69205
  </a><!----><!----></li><li><span class="spyglass_label">Headline Copy</span>:
  <!----><!----><span>Express Shop</span></li><li><span class="spyglass_label">Button Link</span>:
  <!----><!----><span></span></li><li><span class="spyglass_label">Button Link Type</span>:
  <!----><!----><span>Internal</span></li><li><span class="spyglass_label">Module Type</span>:
  <!----><!----><span>Content Module: Nav Item</span></li></ul></li><li><ul><li><span class="spyglass_label">SubTask Id</span>:
  <a href="http://jiracore.peapod.com/browse/CS-69206" target="_blank" class="spyglass_jira-id-link">
    CS-69206
  </a><!----><!----></li><li><span class="spyglass_label">Headline Copy</span>:
  <!----><!----><span>Past Purchases</span></li><li><span class="spyglass_label">Button Link</span>:
  <!----><!----><span></span></li><li><span class="spyglass_label">Button Link Type</span>:
  <!----><!----><span>Internal</span></li><li><span class="spyglass_label">Module Type</span>:
  <!----><!----><span>Content Module: Nav Item</span></li></ul></li><li><ul><li><span class="spyglass_label">SubTask Id</span>:
  <a href="http://jiracore.peapod.com/browse/CS-69207" target="_blank" class="spyglass_jira-id-link">
    CS-69207
  </a><!----><!----></li><li><span class="spyglass_label">Headline Copy</span>:
  <!----><!----><span>Favorites</span></li><li><span class="spyglass_label">Button Link</span>:
  <!----><!----><span></span></li><li><span class="spyglass_label">Button Link Type</span>:
  <!----><!----><span>Internal</span></li><li><span class="spyglass_label">Module Type</span>:
  <!----><!----><span>Content Module: Nav Item</span></li></ul></li><li><ul><li><span class="spyglass_label">Accordion Heading</span>:
  <!----><!----><span>About</span></li><li><span class="spyglass_label">Subtask Id</span>:
  <a href="http://jiracore.peapod.com/browse/CS-69208" target="_blank" class="spyglass_jira-id-link">
    CS-69208
  </a><!----><!----></li><li><span class="spyglass_label">Module Type</span>:
  <!----><!----><span>Content Module: Accordion</span></li></ul></li><li><ul><li><span class="spyglass_label">SubTask Id</span>:
  <a href="http://jiracore.peapod.com/browse/CS-69209" target="_blank" class="spyglass_jira-id-link">
    CS-69209
  </a><!----><!----></li><li><span class="spyglass_label">Headline Copy</span>:
  <!----><!----><span>Our Company</span></li><li><span class="spyglass_label">Button Link</span>:
  <!----><!----><span></span></li><li><span class="spyglass_label">Button Link Type</span>:
  <!----><!----><span>External</span></li><li><span class="spyglass_label">Module Type</span>:
  <!----><!----><span>Content Module: Nav Item</span></li></ul></li><li><ul><li><span class="spyglass_label">SubTask Id</span>:
  <a href="http://jiracore.peapod.com/browse/CS-69210" target="_blank" class="spyglass_jira-id-link">
    CS-69210
  </a><!----><!----></li><li><span class="spyglass_label">Headline Copy</span>:
  <!----><!----><span>News Room</span></li><li><span class="spyglass_label">Button Link</span>:
  <!----><!----><span></span></li><li><span class="spyglass_label">Button Link Type</span>:
  <!----><!----><span>External</span></li><li><span class="spyglass_label">Module Type</span>:
  <!----><!----><span>Content Module: Nav Item</span></li></ul></li><li><ul><li><span class="spyglass_label">SubTask Id</span>:
  <a href="http://jiracore.peapod.com/browse/CS-69211" target="_blank" class="spyglass_jira-id-link">
    CS-69211
  </a><!----><!----></li><li><span class="spyglass_label">Headline Copy</span>:
  <!----><!----><span>Affiliates</span></li><li><span class="spyglass_label">Button Link</span>:
  <!----><!----><span></span></li><li><span class="spyglass_label">Button Link Type</span>:
  <!----><!----><span>External</span></li><li><span class="spyglass_label">Module Type</span>:
  <!----><!----><span>Content Module: Nav Item</span></li></ul></li><li><ul><li><span class="spyglass_label">SubTask Id</span>:
  <a href="http://jiracore.peapod.com/browse/CS-69212" target="_blank" class="spyglass_jira-id-link">
    CS-69212
  </a><!----><!----></li><li><span class="spyglass_label">Headline Copy</span>:
  <!----><!----><span>Accessibility Policy</span></li><li><span class="spyglass_label">Button Link</span>:
  <!----><!----><span></span></li><li><span class="spyglass_label">Button Link Type</span>:
  <!----><!----><span>Internal</span></li><li><span class="spyglass_label">Module Type</span>:
  <!----><!----><span>Content Module: Nav Item</span></li></ul></li><li><ul><li><span class="spyglass_label">Accordion Heading</span>:
  <!----><!----><span>Customer Support</span></li><li><span class="spyglass_label">Subtask Id</span>:
  <a href="http://jiracore.peapod.com/browse/CS-69213" target="_blank" class="spyglass_jira-id-link">
    CS-69213
  </a><!----><!----></li><li><span class="spyglass_label">Module Type</span>:
  <!----><!----><span>Content Module: Accordion</span></li></ul></li><li><ul><li><span class="spyglass_label">SubTask Id</span>:
  <a href="http://jiracore.peapod.com/browse/CS-69214" target="_blank" class="spyglass_jira-id-link">
    CS-69214
  </a><!----><!----></li><li><span class="spyglass_label">Headline Copy</span>:
  <!----><!----><span>Contact Us</span></li><li><span class="spyglass_label">Button Link</span>:
  <!----><!----><span></span></li><li><span class="spyglass_label">Button Link Type</span>:
  <!----><!----><span>Internal</span></li><li><span class="spyglass_label">Module Type</span>:
  <!----><!----><span>Content Module: Nav Item</span></li></ul></li><li><ul><li><span class="spyglass_label">SubTask Id</span>:
  <a href="http://jiracore.peapod.com/browse/CS-69215" target="_blank" class="spyglass_jira-id-link">
    CS-69215
  </a><!----><!----></li><li><span class="spyglass_label">Headline Copy</span>:
  <!----><!----><span>Help</span></li><li><span class="spyglass_label">Button Link</span>:
  <!----><!----><span></span></li><li><span class="spyglass_label">Button Link Type</span>:
  <!----><!----><span>Modal</span></li><li><span class="spyglass_label">Module Type</span>:
  <!----><!----><span>Content Module: Nav Item</span></li></ul></li><li><ul><li><span class="spyglass_label">SubTask Id</span>:
  <a href="http://jiracore.peapod.com/browse/CS-69216" target="_blank" class="spyglass_jira-id-link">
    CS-69216
  </a><!----><!----></li><li><span class="spyglass_label">Headline Copy</span>:
  <!----><!----><span>Refer-a-Friend</span></li><li><span class="spyglass_label">Button Link</span>:
  <!----><!----><span></span></li><li><span class="spyglass_label">Button Link Type</span>:
  <!----><!----><span>External</span></li><li><span class="spyglass_label">Module Type</span>:
  <!----><!----><span>Content Module: Nav Item</span></li></ul></li><li><ul><li><span class="spyglass_label">SubTask Id</span>:
  <a href="http://jiracore.peapod.com/browse/CS-69219" target="_blank" class="spyglass_jira-id-link">
    CS-69219
  </a><!----><!----></li><li><span class="spyglass_label">Headline Copy</span>:
  <!----><!----><span>Give us Feedback</span></li><li><span class="spyglass_label">Button Link</span>:
  <!----><!----><span></span></li><li><span class="spyglass_label">Button Link Type</span>:
  <!----><!----><span>Modal</span></li><li><span class="spyglass_label">Module Type</span>:
  <!----><!----><span>Content Module: Nav Item</span></li></ul></li><li><ul><li><span class="spyglass_label">SubTask Id</span>:
  <a href="http://jiracore.peapod.com/browse/CS-69220" target="_blank" class="spyglass_jira-id-link">
    CS-69220
  </a><!----><!----></li><li><span class="spyglass_label">Headline Copy</span>:
  <!----><!----><span>Notifications</span></li><li><span class="spyglass_label">Button Link</span>:
  <!----><!----><span></span></li><li><span class="spyglass_label">Button Link Type</span>:
  <!----><!----><span>Modal</span></li><li><span class="spyglass_label">Module Type</span>:
  <!----><!----><span>Content Module: Nav Item</span></li></ul></li><li><ul><li><span class="spyglass_label">SubTask Id</span>:
  <a href="http://jiracore.peapod.com/browse/CS-69221" target="_blank" class="spyglass_jira-id-link">
    CS-69221
  </a><!----><!----></li><li><span class="spyglass_label">Headline Copy</span>:
  <!----><!----><span>Product Recalls</span></li><li><span class="spyglass_label">Button Link</span>:
  <!----><!----><span></span></li><li><span class="spyglass_label">Button Link Type</span>:
  <!----><!----><span>External</span></li><li><span class="spyglass_label">Module Type</span>:
  <!----><!----><span>Content Module: Nav Item</span></li></ul></li><li><ul><li><span class="spyglass_label">Accordion Heading</span>:
  <!----><!----><span>Careers</span></li><li><span class="spyglass_label">Subtask Id</span>:
  <a href="http://jiracore.peapod.com/browse/CS-69222" target="_blank" class="spyglass_jira-id-link">
    CS-69222
  </a><!----><!----></li><li><span class="spyglass_label">Module Type</span>:
  <!----><!----><span>Content Module: Accordion</span></li></ul></li><li><ul><li><span class="spyglass_label">SubTask Id</span>:
  <a href="http://jiracore.peapod.com/browse/CS-69223" target="_blank" class="spyglass_jira-id-link">
    CS-69223
  </a><!----><!----></li><li><span class="spyglass_label">Headline Copy</span>:
  <!----><!----><span>Peapod.com Careers</span></li><li><span class="spyglass_label">Button Link</span>:
  <!----><!----><span></span></li><li><span class="spyglass_label">Button Link Type</span>:
  <!----><!----><span>External</span></li><li><span class="spyglass_label">Module Type</span>:
  <!----><!----><span>Content Module: Nav Item</span></li></ul></li><li><ul><li><span class="spyglass_label">SubTask Id</span>:
  <a href="http://jiracore.peapod.com/browse/CS-69224" target="_blank" class="spyglass_jira-id-link">
    CS-69224
  </a><!----><!----></li><li><span class="spyglass_label">Headline Copy</span>:
  <!----><!----><span>Peapod Digital Labs Careers</span></li><li><span class="spyglass_label">Button Link</span>:
  <!----><!----><span></span></li><li><span class="spyglass_label">Button Link Type</span>:
  <!----><!----><span>External</span></li><li><span class="spyglass_label">Module Type</span>:
  <!----><!----><span>Content Module: Nav Item</span></li></ul></li></ul></div></div><div class="spyglass-toggle-tab">
  OPEN INFO
</div></div><div id="site-footer_robot-col-id-1" class="site-footer_tablet-column-wrapper"><div class="site-footer_parent-link-wrapper"><a href="https://www.peapod.com/" aria-label="footer browse aisles" class="site-footer_link--bolded">
  Browse Aisles
</a></div><div class="site-footer_parent-link-wrapper"><a href="https://www.peapod.com/" aria-label="footer order genius" class="site-footer_link--bolded">
  Order Genius
</a></div><div class="site-footer_parent-link-wrapper"><a href="https://www.peapod.com/" aria-label="footer specials" class="site-footer_link--bolded">
  Specials
</a></div><div class="site-footer_parent-link-wrapper"><a href="https://www.peapod.com/" aria-label="footer express shop" class="site-footer_link--bolded">
  Express Shop
</a></div><div class="site-footer_parent-link-wrapper"><a href="https://www.peapod.com/" aria-label="footer past purchases" class="site-footer_link--bolded">
  Past Purchases
</a></div><div class="site-footer_parent-link-wrapper"><a href="https://www.peapod.com/" aria-label="footer favorites" class="site-footer_link--bolded">
  Favorites
</a></div><div class="site-footer_parent-link-wrapper"><a href="https://www.peapod.com/" aria-label="footer delivery / pick-up times" class="site-footer_link--bolded">
  Delivery / Pick-up Times
</a></div></div><div class="site-footer_tablet-column-wrapper"><div id="site-footer_robot-col-id-2"><div><div class="accordion-list"><div class="accordion-list_parent-bar"><a class="accordion-list_parent">About</a></div><div><ul class="accordion-list_child-link-list--is-expanded"><li class="accordion-list_child"><a target="_blank" href="http://about.peapod.com/our-company/our-mission/" aria-label="footer our company" class="accordion-list_child-link">
  Our Company
</a></li><li class="accordion-list_child"><a target="_blank" href="https://about.peapod.com/" aria-label="footer news room" class="accordion-list_child-link">
  News Room
</a></li><li class="accordion-list_child"><a target="_blank" href="https://about.peapod.com/news-room/information-for-affiliates" aria-label="footer affiliates" class="accordion-list_child-link">
  Affiliates
</a></li><li class="accordion-list_child"><a href="https://www.peapod.com/" aria-label="footer accessibility policy" class="accordion-list_child-link">
  Accessibility Policy
</a></li></ul></div></div></div></div><div id="site-footer_robot-col-id-3"><div><div class="accordion-list"><div class="accordion-list_parent-bar"><a class="accordion-list_parent">Careers</a></div><div><ul class="accordion-list_child-link-list--is-expanded"><li class="accordion-list_child"><a target="_blank" href="http://www.peapod.com/careers" aria-label="footer peapod.com careers" class="accordion-list_child-link">
  Peapod.com Careers
</a></li><li class="accordion-list_child"><a target="_blank" href="https://recruiting.ultipro.com/PEA1003/JobBoard/f8342265-effc-41bd-8d99-c73f65cf663b/?q=&amp;o=postedDateDesc&amp;w=&amp;wc=&amp;we=&amp;wpst=" aria-label="footer peapod digital labs careers" class="accordion-list_child-link">
  Peapod Digital Labs Careers
</a></li></ul></div></div></div></div></div><div class="site-footer_tablet-column-wrapper"><div class="accordion-list"><div class="accordion-list_parent-bar"><a class="accordion-list_parent">Customer Support</a></div><div><ul class="accordion-list_child-link-list--is-expanded"><li class="accordion-list_child"><a href="https://www.peapod.com/" aria-label="footer contact us" class="accordion-list_child-link">
  Contact Us
</a></li><li class="accordion-list_child"><a href="https://www.peapod.com/" aria-label="footer help" class="accordion-list_child-link">
  Help
</a></li><li class="accordion-list_child"><a target="_blank" href="https://peapod.extole.com/organic-20-10?f=Guest" aria-label="footer refer-a-friend" class="accordion-list_child-link">
  Refer-a-Friend
</a></li><li class="accordion-list_child"><a href="https://www.peapod.com/" aria-label="footer give us feedback" class="accordion-list_child-link">
  Give us Feedback
</a></li><li class="accordion-list_child"><a href="https://www.peapod.com/" aria-label="footer notifications" class="accordion-list_child-link">
  Notifications
</a></li><li class="accordion-list_child"><a target="_blank" href="https://stopandshop.com/recalls/" aria-label="footer product recalls" class="accordion-list_child-link">
  Product Recalls
</a></li></ul></div></div></div></div><div class="social-media-callouts spyglass-nav-group_wrapper"><div style="display: none;"><div class="spyglass_container spyglass_container--nav-group-type" style="display: none;"><h3>Container/Scheduler</h3><ul><li><span class="spyglass_label">Container Id</span>:
  <a href="http://jiracore.peapod.com/browse/CS-69235" target="_blank" class="spyglass_jira-id-link">
    CS-69235
  </a><!----><!----></li><li><span class="spyglass_label">Scheduled Id</span>:
  <a href="http://jiracore.peapod.com/browse/CS-69227" target="_blank" class="spyglass_jira-id-link">
    CS-69227
  </a><!----><!----></li><li><span class="spyglass_label">Start Date</span>:
  <!----><!----><span>2019-05-29</span></li><li><span class="spyglass_label">End Date</span>:
  <!----><!----><span>2029-05-30</span></li><li><span class="spyglass_label">Module Type</span>:
  <!----><!----><span>Content: Nav Group</span></li><li><span class="spyglass_label">Site Location</span>:
  <!----><!----><span>footer_socialnav</span></li><li><span class="spyglass_label">Customer Status</span>:
  <!----><!----><span>New Customer,Existing Customer</span></li><li><span class="spyglass_label">Customer Type</span>:
  <!----><!----><span>Consumer,Merchant</span></li></ul><div><h3>Sub-Tasks:</h3><ul><li><ul><li><span class="spyglass_label">Headline</span>:
  <!----><!----><span>Pinterest</span></li><li><span class="spyglass_label">Subtask Id</span>:
  <a href="http://jiracore.peapod.com/browse/CS-69229" target="_blank" class="spyglass_jira-id-link">
    CS-69229
  </a><!----><!----></li><li><span class="spyglass_label">Button Link</span>:
  <!----><a href="https://www.pinterest.com/peapoddelivers" target="_blank">
    https://www.pinterest.com/peapoddelivers
  </a><!----></li><li><span class="spyglass_label">SVG Id</span>:
  <!----><!----><span>Pinterest</span></li><li><span class="spyglass_label">Link Type</span>:
  <!----><!----><span>External</span></li></ul></li><li><ul><li><span class="spyglass_label">Headline</span>:
  <!----><!----><span>Facebook</span></li><li><span class="spyglass_label">Subtask Id</span>:
  <a href="http://jiracore.peapod.com/browse/CS-69230" target="_blank" class="spyglass_jira-id-link">
    CS-69230
  </a><!----><!----></li><li><span class="spyglass_label">Button Link</span>:
  <!----><a href="https://www.facebook.com/PeapodDelivers" target="_blank">
    https://www.facebook.com/PeapodDelivers
  </a><!----></li><li><span class="spyglass_label">SVG Id</span>:
  <!----><!----><span>Facebook</span></li><li><span class="spyglass_label">Link Type</span>:
  <!----><!----><span>External</span></li></ul></li><li><ul><li><span class="spyglass_label">Headline</span>:
  <!----><!----><span>Instagram</span></li><li><span class="spyglass_label">Subtask Id</span>:
  <a href="http://jiracore.peapod.com/browse/CS-69231" target="_blank" class="spyglass_jira-id-link">
    CS-69231
  </a><!----><!----></li><li><span class="spyglass_label">Button Link</span>:
  <!----><a href="https://instagram.com/peapoddelivers" target="_blank">
    https://instagram.com/peapoddelivers
  </a><!----></li><li><span class="spyglass_label">SVG Id</span>:
  <!----><!----><span>Instagram</span></li><li><span class="spyglass_label">Link Type</span>:
  <!----><!----><span>External</span></li></ul></li><li><ul><li><span class="spyglass_label">Headline</span>:
  <!----><!----><span>Twitter</span></li><li><span class="spyglass_label">Subtask Id</span>:
  <a href="http://jiracore.peapod.com/browse/CS-69233" target="_blank" class="spyglass_jira-id-link">
    CS-69233
  </a><!----><!----></li><li><span class="spyglass_label">Button Link</span>:
  <!----><a href="https://twitter.com/PeapodDelivers" target="_blank">
    https://twitter.com/PeapodDelivers
  </a><!----></li><li><span class="spyglass_label">SVG Id</span>:
  <!----><!----><span>Twitter</span></li><li><span class="spyglass_label">Link Type</span>:
  <!----><!----><span>External</span></li></ul></li><li><ul><li><span class="spyglass_label">Headline</span>:
  <!----><!----><span>Youtube</span></li><li><span class="spyglass_label">Subtask Id</span>:
  <a href="http://jiracore.peapod.com/browse/CS-69234" target="_blank" class="spyglass_jira-id-link">
    CS-69234
  </a><!----><!----></li><li><span class="spyglass_label">Button Link</span>:
  <!----><a href="https://www.youtube.com/user/peapoddelivery" target="_blank">
    https://www.youtube.com/user/peapoddelivery
  </a><!----></li><li><span class="spyglass_label">SVG Id</span>:
  <!----><!----><span>Youtube</span></li><li><span class="spyglass_label">Link Type</span>:
  <!----><!----><span>External</span></li></ul></li></ul></div></div><div class="spyglass-toggle-tab">
  OPEN INFO
</div></div><a target="_blank" href="https://www.pinterest.com/peapoddelivers" aria-label="Our Pinterest"><div class="vector-icon-size--medium"><svg xmlns="http://www.w3.org/2000/svg" aria-label="Pinterest" viewBox="0 0 30 30" role="presentation" aria-hidden="true" focusable="false" class=""><title lang="en">
      Pinterest
    </title><desc></desc><g fill="" stroke=""><!----><path fill="#567a1f" d="M0 9.328c0-5.766 5.281-9.328 10.625-9.328 4.906 0 9.375 3.375 9.375 8.547 0 4.859-2.484 10.25-8.016 10.25-1.313 0-2.969-0.656-3.609-1.875-1.188 4.703-1.094 5.406-3.719 9l-0.219 0.078-0.141-0.156c-0.094-0.984-0.234-1.953-0.234-2.938 0-3.187 1.469-7.797 2.188-10.891-0.391-0.797-0.5-1.766-0.5-2.641 0-1.578 1.094-3.578 2.875-3.578 1.313 0 2.016 1 2.016 2.234 0 2.031-1.375 3.938-1.375 5.906 0 1.344 1.109 2.281 2.406 2.281 3.594 0 4.703-5.187 4.703-7.953 0-3.703-2.625-5.719-6.172-5.719-4.125 0-7.313 2.969-7.313 7.156 0 2.016 1.234 3.047 1.234 3.531 0 0.406-0.297 1.844-0.812 1.844-0.078 0-0.187-0.031-0.266-0.047-2.234-0.672-3.047-3.656-3.047-5.703z"></path><!----><!----><!----></g></svg></div></a><a target="_blank" href="https://www.facebook.com/PeapodDelivers" aria-label="Our Facebook"><div class="vector-icon-size--medium"><svg xmlns="http://www.w3.org/2000/svg" aria-label="Facebook" viewBox="0 0 30 30" role="presentation" aria-hidden="true" focusable="false" class=""><title lang="en">
      Facebook
    </title><desc></desc><g fill="" stroke=""><path fill="#567a1f" d="M16.625 5.25h4.375v-5.25h-4.375c-3.377 0-6.125 2.748-6.125 6.125v2.625h-3.5v5.25h3.5v14h5.25v-14h4.375l0.875-5.25h-5.25v-2.625c0-0.474 0.401-0.875 0.875-0.875z"></path><!----><!----><!----><!----></g></svg></div></a><a target="_blank" href="https://instagram.com/peapoddelivers" aria-label="Our Instagram"><div class="vector-icon-size--medium"><svg xmlns="http://www.w3.org/2000/svg" aria-label="Instagram" viewBox="0 0 30 30" role="presentation" aria-hidden="true" focusable="false" class=""><title lang="en">
      Instagram
    </title><desc></desc><g fill="" stroke=""><!----><!----><g><path fill="#567a1f" d="M14 2.521c3.741 0 4.184 0.016 5.655 0.082 1.367 0.060 2.105 0.29 2.598 0.481 0.651 0.252 1.121 0.558 1.608 1.045 0.492 0.492 0.793 0.957 1.050 1.608 0.191 0.492 0.421 1.236 0.481 2.598 0.066 1.477 0.082 1.92 0.082 5.655s-0.016 4.184-0.082 5.655c-0.060 1.367-0.29 2.105-0.481 2.598-0.252 0.651-0.558 1.121-1.045 1.608-0.492 0.492-0.957 0.793-1.608 1.050-0.492 0.191-1.236 0.421-2.598 0.481-1.477 0.066-1.92 0.082-5.655 0.082s-4.184-0.016-5.655-0.082c-1.367-0.060-2.105-0.29-2.598-0.481-0.651-0.252-1.121-0.558-1.608-1.045-0.492-0.492-0.793-0.957-1.050-1.608-0.191-0.492-0.421-1.236-0.481-2.598-0.066-1.477-0.082-1.92-0.082-5.655s0.016-4.184 0.082-5.655c0.060-1.367 0.29-2.105 0.481-2.598 0.252-0.651 0.558-1.121 1.045-1.608 0.492-0.492 0.957-0.793 1.608-1.050 0.492-0.191 1.236-0.421 2.598-0.481 1.471-0.066 1.914-0.082 5.655-0.082zM14 0c-3.801 0-4.277 0.016-5.77 0.082-1.487 0.066-2.51 0.306-3.396 0.651-0.924 0.361-1.706 0.837-2.483 1.619-0.782 0.777-1.258 1.559-1.619 2.477-0.345 0.891-0.585 1.909-0.651 3.396-0.066 1.498-0.082 1.974-0.082 5.775s0.016 4.277 0.082 5.77c0.066 1.488 0.306 2.51 0.651 3.396 0.361 0.924 0.837 1.706 1.619 2.483 0.777 0.777 1.559 1.258 2.477 1.613 0.891 0.345 1.909 0.585 3.396 0.651 1.493 0.066 1.969 0.082 5.77 0.082s4.277-0.016 5.77-0.082c1.488-0.066 2.51-0.306 3.396-0.651 0.919-0.355 1.701-0.837 2.477-1.613s1.258-1.559 1.613-2.477c0.345-0.891 0.585-1.909 0.651-3.396 0.066-1.493 0.082-1.969 0.082-5.77s-0.016-4.277-0.082-5.77c-0.066-1.488-0.306-2.51-0.651-3.396-0.345-0.93-0.82-1.712-1.602-2.488-0.777-0.777-1.559-1.258-2.477-1.613-0.891-0.345-1.909-0.585-3.396-0.651-1.498-0.071-1.974-0.088-5.775-0.088v0z"></path><path fill="#567a1f" d="M14 6.809c-3.97 0-7.191 3.221-7.191 7.191s3.221 7.191 7.191 7.191 7.191-3.221 7.191-7.191c0-3.97-3.221-7.191-7.191-7.191zM14 18.665c-2.576 0-4.665-2.089-4.665-4.665s2.089-4.665 4.665-4.665c2.576 0 4.665 2.089 4.665 4.665s-2.089 4.665-4.665 4.665z"></path><path fill="#567a1f" d="M23.155 6.524c0 0.927-0.752 1.679-1.679 1.679s-1.679-0.752-1.679-1.679c0-0.927 0.752-1.679 1.679-1.679s1.679 0.752 1.679 1.679z"></path></g><!----><!----></g></svg></div></a><a target="_blank" href="https://twitter.com/PeapodDelivers" aria-label="Our Twitter"><div class="vector-icon-size--medium"><svg xmlns="http://www.w3.org/2000/svg" aria-label="Twitter" viewBox="0 0 30 30" role="presentation" aria-hidden="true" focusable="false" class=""><title lang="en">
      Twitter
    </title><desc></desc><g fill="" stroke=""><!----><!----><!----><path fill="#567a1f" d="M32 6.118c-1.098 0.5-2.372 0.864-3.707 1.028 1.294-0.816 2.315-2.078 2.81-3.579-1.187 0.678-2.583 1.231-4.071 1.532-1.286-1.26-2.985-2.053-4.87-2.053-3.629 0-6.572 2.942-6.572 6.572 0 0.526 0.062 1.038 0.179 1.529-5.478-0.327-10.289-2.926-13.514-6.871-0.585 0.913-0.915 2.051-0.915 3.267 0 2.268 1.149 4.269 2.897 5.45-1.074-0.021-2.093-0.321-2.983-0.823 0.033 0.044 0.033 0.072 0.033 0.1 0.001 3.166 2.241 5.809 5.223 6.43-0.475 0.154-1.069 0.238-1.683 0.238-0.438 0-0.867-0.043-1.281-0.125 0.906 2.636 3.314 4.511 6.168 4.566-2.21 1.752-5.044 2.81-8.126 2.81-0.007 0-0.015 0-0.022-0-0 0-0.002 0-0.004 0-0.55 0-1.093-0.033-1.625-0.098 2.904 1.856 6.378 2.956 10.11 2.956 0.006 0 0.013 0 0.019 0 12.075 0 18.678-10.004 18.678-18.679q0-0.427-0.019-0.849c1.29-0.94 2.377-2.066 3.246-3.352z"></path><!----></g></svg></div></a><a target="_blank" href="https://www.youtube.com/user/peapoddelivery" aria-label="Our Youtube"><div class="vector-icon-size--medium"><svg xmlns="http://www.w3.org/2000/svg" aria-label="Youtube" viewBox="0 0 32 30" role="presentation" aria-hidden="true" focusable="false" class=""><title lang="en">
      Youtube
    </title><desc></desc><g fill="" stroke=""><!----><!----><!----><!----><path fill="#567a1f" d="M31.68 9.655s-0.313-2.205-1.272-3.176c-1.216-1.275-2.581-1.28-3.206-1.356-4.477-0.324-11.195-0.324-11.195-0.324h-0.014s-6.717 0-11.195 0.324c-0.626 0.075-1.989 0.081-3.206 1.356-0.959 0.971-1.272 3.176-1.272 3.176-0.189 1.539-0.305 3.336-0.32 5.158l-0 2.449c0.015 1.843 0.131 3.64 0.342 5.409s0.29 1.975 1.249 2.947c1.216 1.275 2.816 1.234 3.528 1.368 2.56 0.245 10.88 0.32 10.88 0.32s6.724-0.010 11.202-0.334c0.626-0.075 1.989-0.081 3.206-1.356 0.96-0.971 1.272-3.176 1.272-3.176 0.189-1.539 0.305-3.336 0.32-5.158l0-2.447c-0.016-1.843-0.132-3.641-0.343-5.409zM12.696 20.204v-8.992l8.646 4.512z"></path></g></svg></div></a></div><div class="app-callouts"><div class="app-callouts_icon-wrapper"><a href="itms://itunes.apple.com/us/app/peapod/id386315393?mt=8" role="button" aria-label="Apple App Store"><div class=""><svg xmlns="http://www.w3.org/2000/svg" aria-label="Apple Store" viewBox="0 0 108 32" role="presentation" aria-hidden="true" focusable="false" class=""><title lang="en">
      Apple Store
    </title><desc></desc><g fill="" stroke=""><g><path fill="#a6a6a6" d="M104.158 32h-100.374c-2.086 0-3.783-1.702-3.783-3.786v-24.433c0-2.085 1.698-3.781 3.783-3.781h100.374c2.085 0 3.842 1.696 3.842 3.781v24.433c0 2.084-1.758 3.786-3.842 3.786v0 0z"></path><path fill="#000" d="M107.226 28.214c0 1.693-1.371 3.064-3.067 3.064h-100.375c-1.695 0-3.071-1.371-3.071-3.064v-24.434c0-1.692 1.376-3.068 3.071-3.068h100.374c1.697 0 3.067 1.376 3.067 3.068l0.001 24.434z"></path><path fill="#fff" d="M24.102 15.827c-0.023-2.578 2.111-3.833 2.209-3.891-1.209-1.762-3.082-2.003-3.741-2.022-1.574-0.166-3.1 0.942-3.902 0.942-0.818 0-2.052-0.926-3.382-0.898-1.712 0.026-3.314 1.018-4.192 2.557-1.813 3.138-0.461 7.75 1.276 10.287 0.869 1.242 1.884 2.63 3.213 2.581 1.3-0.054 1.786-0.829 3.354-0.829 1.554 0 2.010 0.829 3.366 0.798 1.395-0.022 2.274-1.248 3.112-2.502 1.004-1.424 1.407-2.826 1.423-2.898-0.033-0.011-2.71-1.033-2.736-4.123v0z"></path><path fill="#fff" d="M21.542 8.245c0.699-0.874 1.178-2.064 1.045-3.271-1.012 0.045-2.278 0.7-3.006 1.555-0.645 0.754-1.221 1.989-1.072 3.15 1.137 0.085 2.304-0.574 3.034-1.434v0z"></path><path fill="#fff" d="M42.916 25.203h-1.817l-0.995-3.127h-3.459l-0.948 3.127h-1.769l3.427-10.646h2.117l3.444 10.646zM39.804 20.764l-0.9-2.78c-0.095-0.284-0.274-0.953-0.537-2.006h-0.032c-0.105 0.453-0.274 1.122-0.506 2.006l-0.884 2.78h2.858z"></path><path fill="#fff" d="M51.73 21.27c0 1.306-0.353 2.338-1.058 3.095-0.632 0.674-1.417 1.011-2.354 1.011-1.011 0-1.738-0.363-2.18-1.090h-0.032v4.044h-1.706v-8.278c0-0.821-0.022-1.663-0.063-2.527h1.5l0.095 1.217h0.032c0.569-0.917 1.432-1.374 2.59-1.374 0.906 0 1.662 0.358 2.266 1.074 0.606 0.717 0.909 1.659 0.909 2.828v0zM49.992 21.333c0-0.747-0.168-1.363-0.506-1.848-0.369-0.506-0.864-0.758-1.485-0.758-0.421 0-0.803 0.141-1.145 0.418-0.342 0.28-0.566 0.646-0.671 1.098-0.053 0.211-0.079 0.384-0.079 0.52v1.28c0 0.558 0.171 1.030 0.514 1.414s0.787 0.577 1.334 0.577c0.642 0 1.142-0.248 1.5-0.742s0.538-1.148 0.538-1.959v0z"></path><path fill="#fff" d="M60.559 21.27c0 1.306-0.353 2.338-1.059 3.095-0.631 0.674-1.416 1.011-2.353 1.011-1.011 0-1.738-0.363-2.179-1.090h-0.032v4.044h-1.706v-8.278c0-0.821-0.022-1.663-0.063-2.527h1.5l0.095 1.217h0.032c0.568-0.917 1.431-1.374 2.59-1.374 0.905 0 1.661 0.358 2.267 1.074 0.604 0.717 0.907 1.659 0.907 2.828v0zM58.822 21.333c0-0.747-0.169-1.363-0.506-1.848-0.369-0.506-0.862-0.758-1.484-0.758-0.422 0-0.803 0.141-1.146 0.418-0.342 0.28-0.566 0.646-0.67 1.098-0.052 0.211-0.079 0.384-0.079 0.52v1.28c0 0.558 0.171 1.030 0.512 1.414 0.342 0.384 0.787 0.577 1.336 0.577 0.642 0 1.142-0.248 1.5-0.742s0.538-1.148 0.538-1.959v0z"></path><path fill="#fff" d="M70.431 22.218c0 0.906-0.314 1.642-0.946 2.211-0.694 0.622-1.659 0.932-2.9 0.932-1.146 0-2.064-0.221-2.759-0.663l0.395-1.422c0.749 0.453 1.57 0.68 2.466 0.68 0.642 0 1.142-0.146 1.502-0.435 0.358-0.29 0.536-0.678 0.536-1.163 0-0.432-0.147-0.796-0.442-1.091-0.294-0.295-0.784-0.57-1.469-0.823-1.864-0.695-2.795-1.714-2.795-3.053 0-0.875 0.326-1.593 0.98-2.151 0.651-0.559 1.52-0.838 2.606-0.838 0.969 0 1.774 0.169 2.416 0.506l-0.426 1.39c-0.6-0.326-1.278-0.49-2.038-0.49-0.6 0-1.069 0.148-1.405 0.442-0.284 0.263-0.426 0.584-0.426 0.964 0 0.421 0.162 0.769 0.489 1.042 0.284 0.253 0.8 0.526 1.549 0.822 0.916 0.369 1.589 0.8 2.022 1.294 0.431 0.493 0.646 1.11 0.646 1.846v0z"></path><path fill="#fff" d="M76.070 18.806h-1.88v3.727c0 0.948 0.331 1.422 0.995 1.422 0.305 0 0.558-0.026 0.758-0.079l0.047 1.295c-0.336 0.126-0.778 0.189-1.326 0.189-0.674 0-1.2-0.206-1.58-0.616-0.378-0.411-0.569-1.101-0.569-2.070v-3.87h-1.12v-1.28h1.12v-1.406l1.675-0.506v1.911h1.88v1.282z"></path><path fill="#fff" d="M84.553 21.302c0 1.18-0.338 2.149-1.011 2.906-0.706 0.78-1.644 1.169-2.813 1.169-1.126 0-2.023-0.374-2.692-1.121s-1.003-1.69-1.003-2.827c0-1.19 0.344-2.164 1.034-2.922 0.689-0.758 1.618-1.138 2.787-1.138 1.126 0 2.033 0.374 2.717 1.122 0.654 0.726 0.981 1.662 0.981 2.81v0zM82.783 21.357c0-0.708-0.151-1.315-0.458-1.822-0.358-0.613-0.869-0.918-1.531-0.918-0.686 0-1.206 0.306-1.564 0.918-0.306 0.507-0.458 1.124-0.458 1.854 0 0.708 0.151 1.315 0.458 1.821 0.369 0.613 0.884 0.918 1.549 0.918 0.651 0 1.162-0.312 1.531-0.934 0.314-0.516 0.473-1.13 0.473-1.837v0z"></path><path fill="#fff" d="M90.097 19.026c-0.169-0.031-0.349-0.047-0.538-0.047-0.6 0-1.064 0.226-1.39 0.68-0.284 0.4-0.426 0.906-0.426 1.516v4.028h-1.705l0.016-5.259c0-0.885-0.022-1.69-0.064-2.417h1.486l0.062 1.469h0.047c0.18-0.505 0.464-0.911 0.853-1.216 0.38-0.274 0.79-0.411 1.233-0.411 0.158 0 0.3 0.011 0.426 0.031v1.626z"></path><path fill="#fff" d="M97.725 21.002c0 0.306-0.020 0.563-0.062 0.774h-5.117c0.020 0.758 0.267 1.338 0.742 1.738 0.431 0.358 0.989 0.537 1.674 0.537 0.758 0 1.449-0.121 2.070-0.363l0.267 1.184c-0.726 0.317-1.584 0.474-2.574 0.474-1.19 0-2.125-0.35-2.805-1.050-0.678-0.7-1.018-1.64-1.018-2.819 0-1.158 0.316-2.122 0.949-2.89 0.662-0.821 1.558-1.231 2.684-1.231 1.106 0 1.944 0.41 2.513 1.231 0.45 0.652 0.677 1.458 0.677 2.416v0zM96.098 20.559c0.011-0.506-0.1-0.942-0.331-1.311-0.295-0.474-0.749-0.711-1.359-0.711-0.558 0-1.011 0.231-1.358 0.695-0.284 0.369-0.453 0.811-0.505 1.326l3.553 0.001z"></path><path fill="#fff" d="M39.24 8.007c0 0.942-0.282 1.65-0.846 2.126-0.522 0.439-1.265 0.659-2.226 0.659-0.477 0-0.885-0.021-1.226-0.062v-5.145c0.446-0.072 0.926-0.109 1.444-0.109 0.916 0 1.606 0.199 2.072 0.598 0.522 0.45 0.783 1.094 0.783 1.933v0zM38.356 8.030c0-0.61-0.162-1.078-0.485-1.405s-0.795-0.489-1.417-0.489c-0.264 0-0.489 0.018-0.675 0.054v3.911c0.103 0.016 0.292 0.023 0.566 0.023 0.642 0 1.137-0.178 1.486-0.535s0.525-0.877 0.525-1.56v0z"></path><path fill="#fff" d="M43.927 8.83c0 0.58-0.166 1.055-0.497 1.428-0.347 0.383-0.807 0.574-1.382 0.574-0.554 0-0.994-0.183-1.323-0.551s-0.492-0.83-0.492-1.389c0-0.584 0.169-1.063 0.508-1.435s0.795-0.558 1.37-0.558c0.554 0 0.998 0.183 1.335 0.55 0.32 0.357 0.481 0.818 0.481 1.381v0zM43.058 8.857c0-0.348-0.075-0.646-0.225-0.895-0.176-0.301-0.426-0.451-0.752-0.451-0.337 0-0.593 0.15-0.769 0.451-0.15 0.249-0.225 0.552-0.225 0.91 0 0.348 0.075 0.646 0.225 0.895 0.182 0.301 0.434 0.451 0.761 0.451 0.32 0 0.571-0.153 0.752-0.459 0.155-0.254 0.233-0.554 0.233-0.902v0z"></path><path fill="#fff" d="M50.212 6.975l-1.18 3.771h-0.768l-0.489-1.638c-0.124-0.409-0.225-0.815-0.303-1.218h-0.015c-0.073 0.414-0.174 0.82-0.303 1.218l-0.519 1.638h-0.777l-1.11-3.771h0.862l0.426 1.793c0.103 0.424 0.188 0.828 0.256 1.21h0.015c0.062-0.315 0.166-0.717 0.311-1.202l0.535-1.8h0.683l0.513 1.762c0.124 0.43 0.225 0.843 0.302 1.242h0.023c0.057-0.388 0.142-0.802 0.256-1.242l0.458-1.762 0.823-0.001z"></path><path fill="#fff" d="M54.558 10.746h-0.838v-2.16c0-0.666-0.253-0.998-0.76-0.998-0.249 0-0.45 0.091-0.606 0.274-0.154 0.183-0.233 0.399-0.233 0.646v2.237h-0.838v-2.693c0-0.331-0.010-0.69-0.030-1.079h0.737l0.039 0.59h0.023c0.098-0.183 0.243-0.334 0.434-0.455 0.227-0.141 0.482-0.212 0.76-0.212 0.352 0 0.645 0.114 0.878 0.342 0.29 0.279 0.434 0.696 0.434 1.25v2.259z"></path><path fill="#fff" d="M56.87 10.746h-0.838v-5.502h0.838z"></path><path fill="#fff" d="M61.806 8.83c0 0.58-0.166 1.055-0.497 1.428-0.347 0.383-0.808 0.574-1.382 0.574-0.554 0-0.995-0.183-1.323-0.551s-0.492-0.83-0.492-1.389c0-0.584 0.169-1.063 0.508-1.435s0.795-0.558 1.369-0.558c0.554 0 0.998 0.183 1.336 0.55 0.32 0.357 0.481 0.818 0.481 1.381v0zM60.936 8.857c0-0.348-0.075-0.646-0.225-0.895-0.175-0.301-0.426-0.451-0.751-0.451-0.338 0-0.594 0.15-0.769 0.451-0.15 0.249-0.225 0.552-0.225 0.91 0 0.348 0.075 0.646 0.225 0.895 0.182 0.301 0.434 0.451 0.761 0.451 0.32 0 0.57-0.153 0.751-0.459 0.156-0.254 0.233-0.554 0.233-0.902v0z"></path><path fill="#fff" d="M65.864 10.746h-0.753l-0.062-0.434h-0.023c-0.258 0.346-0.625 0.52-1.102 0.52-0.356 0-0.644-0.114-0.861-0.342-0.197-0.206-0.295-0.463-0.295-0.768 0-0.461 0.192-0.812 0.578-1.055s0.928-0.362 1.626-0.357v-0.070c0-0.497-0.261-0.745-0.783-0.745-0.372 0-0.7 0.094-0.983 0.279l-0.17-0.55c0.35-0.217 0.783-0.326 1.294-0.326 0.986 0 1.48 0.52 1.48 1.56v1.389c0 0.377 0.018 0.677 0.054 0.899v0zM64.994 9.45v-0.582c-0.925-0.016-1.387 0.238-1.387 0.76 0 0.197 0.053 0.344 0.161 0.442s0.246 0.147 0.41 0.147c0.184 0 0.356-0.058 0.513-0.174s0.254-0.265 0.29-0.446c0.009-0.041 0.014-0.090 0.014-0.147v0z"></path><path fill="#fff" d="M70.628 10.746h-0.744l-0.039-0.606h-0.023c-0.238 0.461-0.642 0.691-1.211 0.691-0.454 0-0.833-0.178-1.133-0.535s-0.45-0.82-0.45-1.389c0-0.61 0.162-1.105 0.489-1.482 0.316-0.352 0.703-0.528 1.164-0.528 0.506 0 0.861 0.17 1.062 0.512h0.016v-2.165h0.839v4.486c0 0.367 0.010 0.706 0.030 1.016v0zM69.759 9.156v-0.629c0-0.109-0.008-0.197-0.023-0.264-0.047-0.202-0.149-0.371-0.303-0.508-0.156-0.137-0.344-0.206-0.561-0.206-0.313 0-0.558 0.124-0.738 0.373-0.178 0.249-0.269 0.566-0.269 0.954 0 0.373 0.086 0.675 0.258 0.908 0.182 0.248 0.426 0.372 0.733 0.372 0.275 0 0.495-0.103 0.662-0.31 0.162-0.191 0.241-0.422 0.241-0.69v0z"></path><path fill="#fff" d="M77.798 8.83c0 0.58-0.166 1.055-0.497 1.428-0.347 0.383-0.806 0.574-1.382 0.574-0.553 0-0.994-0.183-1.323-0.551-0.328-0.367-0.492-0.83-0.492-1.389 0-0.584 0.169-1.063 0.508-1.435s0.795-0.558 1.37-0.558c0.553 0 0.998 0.183 1.334 0.55 0.32 0.357 0.481 0.818 0.481 1.381v0zM76.93 8.857c0-0.348-0.075-0.646-0.225-0.895-0.177-0.301-0.426-0.451-0.753-0.451-0.336 0-0.592 0.15-0.769 0.451-0.15 0.249-0.225 0.552-0.225 0.91 0 0.348 0.075 0.646 0.225 0.895 0.182 0.301 0.434 0.451 0.761 0.451 0.32 0 0.572-0.153 0.753-0.459 0.154-0.254 0.233-0.554 0.233-0.902v0z"></path><path fill="#fff" d="M82.306 10.746h-0.838v-2.16c0-0.666-0.253-0.998-0.761-0.998-0.249 0-0.45 0.091-0.605 0.274s-0.233 0.399-0.233 0.646v2.237h-0.839v-2.693c0-0.331-0.010-0.69-0.030-1.079h0.736l0.039 0.59h0.023c0.098-0.183 0.244-0.334 0.434-0.455 0.228-0.141 0.482-0.212 0.761-0.212 0.351 0 0.644 0.114 0.877 0.342 0.29 0.279 0.434 0.696 0.434 1.25v2.259z"></path><path fill="#fff" d="M87.949 7.603h-0.923v1.832c0 0.466 0.164 0.698 0.489 0.698 0.15 0 0.275-0.013 0.374-0.039l0.022 0.636c-0.166 0.062-0.383 0.094-0.651 0.094-0.331 0-0.589-0.101-0.775-0.302s-0.28-0.541-0.28-1.017v-1.902h-0.551v-0.628h0.551v-0.691l0.822-0.248v0.938h0.923v0.629h0.001z"></path><path fill="#fff" d="M92.387 10.746h-0.839v-2.144c0-0.676-0.253-1.014-0.759-1.014-0.389 0-0.654 0.196-0.8 0.588-0.025 0.082-0.039 0.183-0.039 0.302v2.268h-0.838v-5.501h0.838v2.273h0.016c0.264-0.414 0.642-0.62 1.133-0.62 0.347 0 0.634 0.114 0.862 0.342 0.284 0.284 0.426 0.706 0.426 1.265v2.242z"></path><path fill="#fff" d="M96.966 8.682c0 0.15-0.011 0.277-0.031 0.38h-2.514c0.011 0.373 0.131 0.657 0.364 0.854 0.213 0.176 0.487 0.264 0.823 0.264 0.372 0 0.711-0.059 1.017-0.178l0.131 0.582c-0.358 0.155-0.778 0.233-1.266 0.233-0.584 0-1.044-0.172-1.377-0.516-0.334-0.344-0.5-0.806-0.5-1.385 0-0.569 0.154-1.042 0.466-1.42 0.325-0.403 0.764-0.605 1.318-0.605 0.542 0 0.954 0.202 1.233 0.605 0.225 0.32 0.336 0.716 0.336 1.186v0zM96.166 8.466c0.006-0.249-0.049-0.463-0.162-0.644-0.146-0.233-0.367-0.35-0.667-0.35-0.274 0-0.497 0.114-0.667 0.342-0.139 0.182-0.222 0.398-0.249 0.652h1.746z"></path></g></g></svg></div></a></div><div class="app-callouts_icon-wrapper"><a href="https://play.google.com/store/apps/details?id=com.peapod.app.mobile.droid" role="button" aria-label="Google Play Store"><div class=""><svg xmlns="http://www.w3.org/2000/svg" aria-label="Play Store" viewBox="0 0 108 32" role="presentation" aria-hidden="true" focusable="false" class=""><title lang="en">
      Play Store
    </title><desc></desc><g fill="" stroke=""><g><defs><lineargradient id="linear0" gradient-units="userSpaceOnUse" x1="0.806778" y1="0.494153" x2="-1.575172" y2="0.494153" gradient-transform="matrix(8.117188,0,0,6.800781,18.320312,12.640625)"><stop offset="0" style="stop-color: rgb(254, 224, 0); stop-opacity: 1;"></stop><stop offset="0.1941" style="stop-color: rgb(252, 207, 11); stop-opacity: 1;"></stop><stop offset="0.5469" style="stop-color: rgb(250, 179, 24); stop-opacity: 1;"></stop><stop offset="0.8279" style="stop-color: rgb(249, 162, 27); stop-opacity: 1;"></stop><stop offset="1" style="stop-color: rgb(249, 155, 28); stop-opacity: 1;"></stop></lineargradient><lineargradient id="linear1" gradient-units="userSpaceOnUse" x1="0.86315" y1="0.308159" x2="-0.498497" y2="1.359036" gradient-transform="matrix(13.359375,0,0,10.078125,8.320312,16)"><stop offset="0" style="stop-color: rgb(239, 69, 71); stop-opacity: 1;"></stop><stop offset="1" style="stop-color: rgb(198, 24, 109); stop-opacity: 1;"></stop></lineargradient><lineargradient id="linear2" gradient-units="userSpaceOnUse" x1="-0.504563" y1="-0.361094" x2="0.607186" y2="0.492937" gradient-transform="matrix(13.359375,0,0,10,8.320312,6)"><stop offset="0" style="stop-color: rgb(39, 158, 111); stop-opacity: 1;"></stop><stop offset="0.3168" style="stop-color: rgb(77, 171, 109); stop-opacity: 1;"></stop><stop offset="0.7398" style="stop-color: rgb(106, 186, 106); stop-opacity: 1;"></stop><stop offset="1" style="stop-color: rgb(116, 193, 105); stop-opacity: 1;"></stop></lineargradient></defs><g id="surface1"><path d="M 104 32 L 4 32 C 1.761719 32 0 30.238281 0 28 L 0 4 C 0 1.761719 1.761719 0 4 0 L 104 0 C 106.238281 0 108 1.761719 108 4 L 108 28 C 108 30.160156 106.238281 32 104 32 Z M 104 32 " style="stroke: none; fill-rule: evenodd; fill: rgb(0, 0, 0); fill-opacity: 1;"></path><path d="M 104 0.640625 C 105.839844 0.640625 107.359375 2.160156 107.359375 4 L 107.359375 28 C 107.359375 29.839844 105.839844 31.359375 104 31.359375 L 4 31.359375 C 2.160156 31.359375 0.640625 29.839844 0.640625 28 L 0.640625 4 C 0.640625 2.160156 2.160156 0.640625 4 0.640625 Z M 104 0 L 4 0 C 1.761719 0 0 1.761719 0 4 L 0 28 C 0 30.238281 1.761719 32 4 32 L 104 32 C 106.238281 32 108 30.238281 108 28 L 108 4 C 108 1.839844 106.238281 0 104 0 Z M 104 0 " style="stroke: none; fill-rule: evenodd; fill: rgb(167, 166, 166); fill-opacity: 1;"></path><path d="M 6.402344 4.200195 C 6.402344 5.000977 6.202148 5.699219 5.699219 6.202148 C 5.098633 6.797852 4.400391 7.100586 3.501953 7.100586 C 2.598633 7.100586 1.900391 6.797852 1.299805 6.202148 C 0.699219 5.601562 0.401367 4.898438 0.401367 4 C 0.401367 3.101562 0.699219 2.398438 1.299805 1.797852 C 1.900391 1.202148 2.598633 0.899414 3.501953 0.899414 C 3.902344 0.899414 4.297852 1.001953 4.698242 1.202148 C 5.098633 1.402344 5.401367 1.597656 5.601562 1.900391 L 5.098633 2.398438 C 4.698242 1.900391 4.200195 1.700195 3.501953 1.700195 C 2.901367 1.700195 2.300781 1.900391 1.900391 2.398438 C 1.402344 2.798828 1.202148 3.399414 1.202148 4.097656 C 1.202148 4.800781 1.402344 5.401367 1.900391 5.801758 C 2.398438 6.202148 2.901367 6.5 3.501953 6.5 C 4.200195 6.5 4.698242 6.299805 5.201172 5.801758 C 5.499023 5.499023 5.699219 5.098633 5.699219 4.600586 L 3.501953 4.600586 L 3.501953 3.902344 L 6.402344 3.902344 C 6.402344 3.902344 6.402344 4.097656 6.402344 4.200195 Z M 6.402344 4.200195 " transform="matrix(0.8,0,0,0.8,32.8,4.8)" style="fill-rule: evenodd; fill: rgb(255, 255, 255); fill-opacity: 1; stroke-width: 0.2; stroke-linecap: butt; stroke-linejoin: miter; stroke: rgb(255, 255, 255); stroke-opacity: 1; stroke-miterlimit: 4;"></path><path d="M 11.001953 1.700195 L 8.301758 1.700195 L 8.301758 3.599609 L 10.801758 3.599609 L 10.801758 4.297852 L 8.301758 4.297852 L 8.301758 6.202148 L 11.001953 6.202148 L 11.001953 6.998047 L 7.500977 6.998047 L 7.500977 1.001953 L 11.001953 1.001953 Z M 11.001953 1.700195 " transform="matrix(0.8,0,0,0.8,32.8,4.8)" style="fill-rule: evenodd; fill: rgb(255, 255, 255); fill-opacity: 1; stroke-width: 0.2; stroke-linecap: butt; stroke-linejoin: miter; stroke: rgb(255, 255, 255); stroke-opacity: 1; stroke-miterlimit: 4;"></path><path d="M 14.297852 6.998047 L 13.501953 6.998047 L 13.501953 1.700195 L 11.797852 1.700195 L 11.797852 1.001953 L 16.001953 1.001953 L 16.001953 1.700195 L 14.297852 1.700195 Z M 14.297852 6.998047 " transform="matrix(0.8,0,0,0.8,32.8,4.8)" style="fill-rule: evenodd; fill: rgb(255, 255, 255); fill-opacity: 1; stroke-width: 0.2; stroke-linecap: butt; stroke-linejoin: miter; stroke: rgb(255, 255, 255); stroke-opacity: 1; stroke-miterlimit: 4;"></path><path d="M 18.902344 6.998047 L 18.902344 1.001953 L 19.698242 1.001953 L 19.698242 6.998047 Z M 18.902344 6.998047 " transform="matrix(0.8,0,0,0.8,32.8,4.8)" style="fill-rule: evenodd; fill: rgb(255, 255, 255); fill-opacity: 1; stroke-width: 0.2; stroke-linecap: butt; stroke-linejoin: miter; stroke: rgb(255, 255, 255); stroke-opacity: 1; stroke-miterlimit: 4;"></path><path d="M 23.101562 6.998047 L 22.300781 6.998047 L 22.300781 1.700195 L 20.601562 1.700195 L 20.601562 1.001953 L 24.698242 1.001953 L 24.698242 1.700195 L 22.999023 1.700195 L 22.999023 6.998047 Z M 23.101562 6.998047 " transform="matrix(0.8,0,0,0.8,32.8,4.8)" style="fill-rule: evenodd; fill: rgb(255, 255, 255); fill-opacity: 1; stroke-width: 0.2; stroke-linecap: butt; stroke-linejoin: miter; stroke: rgb(255, 255, 255); stroke-opacity: 1; stroke-miterlimit: 4;"></path><path d="M 32.598633 6.202148 C 31.998047 6.797852 31.299805 7.100586 30.401367 7.100586 C 29.498047 7.100586 28.799805 6.797852 28.199219 6.202148 C 27.598633 5.601562 27.300781 4.898438 27.300781 4 C 27.300781 3.101562 27.598633 2.398438 28.199219 1.797852 C 28.799805 1.202148 29.498047 0.899414 30.401367 0.899414 C 31.299805 0.899414 31.998047 1.202148 32.598633 1.797852 C 33.199219 2.398438 33.501953 3.101562 33.501953 4 C 33.501953 4.898438 33.199219 5.601562 32.598633 6.202148 Z M 28.799805 5.699219 C 29.200195 6.099609 29.800781 6.402344 30.401367 6.402344 C 31.001953 6.402344 31.597656 6.202148 31.998047 5.699219 C 32.398438 5.298828 32.701172 4.698242 32.701172 4 C 32.701172 3.301758 32.500977 2.701172 31.998047 2.300781 C 31.597656 1.900391 31.001953 1.597656 30.401367 1.597656 C 29.800781 1.597656 29.200195 1.797852 28.799805 2.300781 C 28.399414 2.701172 28.101562 3.301758 28.101562 4 C 28.101562 4.698242 28.301758 5.298828 28.799805 5.699219 Z M 28.799805 5.699219 " transform="matrix(0.8,0,0,0.8,32.8,4.8)" style="fill-rule: evenodd; fill: rgb(255, 255, 255); fill-opacity: 1; stroke-width: 0.2; stroke-linecap: butt; stroke-linejoin: miter; stroke: rgb(255, 255, 255); stroke-opacity: 1; stroke-miterlimit: 4;"></path><path d="M 34.600586 6.998047 L 34.600586 1.001953 L 35.499023 1.001953 L 38.399414 5.699219 L 38.399414 1.001953 L 39.200195 1.001953 L 39.200195 6.998047 L 38.399414 6.998047 L 35.298828 2.100586 L 35.298828 6.998047 Z M 34.600586 6.998047 " transform="matrix(0.8,0,0,0.8,32.8,4.8)" style="fill-rule: evenodd; fill: rgb(255, 255, 255); fill-opacity: 1; stroke-width: 0.2; stroke-linecap: butt; stroke-linejoin: miter; stroke: rgb(255, 255, 255); stroke-opacity: 1; stroke-miterlimit: 4;"></path><path d="M 54.480469 17.441406 C 52.558594 17.441406 51.039062 18.878906 51.039062 20.878906 C 51.039062 22.800781 52.558594 24.320312 54.480469 24.320312 C 56.398438 24.320312 57.921875 22.878906 57.921875 20.878906 C 57.921875 18.800781 56.398438 17.441406 54.480469 17.441406 Z M 54.480469 22.878906 C 53.441406 22.878906 52.558594 22 52.558594 20.800781 C 52.558594 19.601562 53.441406 18.71875 54.480469 18.71875 C 55.519531 18.71875 56.398438 19.519531 56.398438 20.800781 C 56.398438 22 55.519531 22.878906 54.480469 22.878906 Z M 47.039062 17.441406 C 45.121094 17.441406 43.601562 18.878906 43.601562 20.878906 C 43.601562 22.800781 45.121094 24.320312 47.039062 24.320312 C 48.960938 24.320312 50.480469 22.878906 50.480469 20.878906 C 50.480469 18.800781 48.960938 17.441406 47.039062 17.441406 Z M 47.039062 22.878906 C 46 22.878906 45.121094 22 45.121094 20.800781 C 45.121094 19.601562 46 18.71875 47.039062 18.71875 C 48.078125 18.71875 48.960938 19.519531 48.960938 20.800781 C 48.960938 22 48.078125 22.878906 47.039062 22.878906 Z M 38.160156 18.480469 L 38.160156 19.921875 L 41.601562 19.921875 C 41.519531 20.71875 41.199219 21.359375 40.800781 21.761719 C 40.320312 22.238281 39.519531 22.800781 38.160156 22.800781 C 36 22.800781 34.398438 21.121094 34.398438 18.960938 C 34.398438 16.800781 36.078125 15.121094 38.160156 15.121094 C 39.28125 15.121094 40.160156 15.601562 40.800781 16.160156 L 41.839844 15.121094 C 40.960938 14.320312 39.839844 13.679688 38.238281 13.679688 C 35.359375 13.679688 32.878906 16.078125 32.878906 18.960938 C 32.878906 21.839844 35.359375 24.238281 38.238281 24.238281 C 39.839844 24.238281 40.960938 23.761719 41.921875 22.71875 C 42.878906 21.761719 43.199219 20.398438 43.199219 19.359375 C 43.199219 19.039062 43.199219 18.71875 43.121094 18.480469 Z M 74.480469 19.601562 C 74.160156 18.800781 73.359375 17.441406 71.601562 17.441406 C 69.839844 17.441406 68.398438 18.800781 68.398438 20.878906 C 68.398438 22.800781 69.839844 24.320312 71.761719 24.320312 C 73.28125 24.320312 74.238281 23.359375 74.558594 22.800781 L 73.441406 22 C 73.039062 22.558594 72.558594 22.960938 71.761719 22.960938 C 70.960938 22.960938 70.480469 22.640625 70.078125 21.921875 L 74.640625 20 Z M 69.839844 20.71875 C 69.839844 19.441406 70.878906 18.71875 71.601562 18.71875 C 72.160156 18.71875 72.71875 19.039062 72.878906 19.441406 Z M 66.078125 24 L 67.601562 24 L 67.601562 14 L 66.078125 14 Z M 63.679688 18.160156 C 63.28125 17.761719 62.640625 17.359375 61.839844 17.359375 C 60.160156 17.359375 58.558594 18.878906 58.558594 20.800781 C 58.558594 22.71875 60.078125 24.160156 61.839844 24.160156 C 62.640625 24.160156 63.28125 23.761719 63.601562 23.359375 L 63.679688 23.359375 L 63.679688 23.839844 C 63.679688 25.121094 62.960938 25.839844 61.839844 25.839844 C 60.960938 25.839844 60.320312 25.199219 60.160156 24.640625 L 58.878906 25.199219 C 59.28125 26.078125 60.238281 27.199219 61.921875 27.199219 C 63.679688 27.199219 65.121094 26.160156 65.121094 23.679688 L 65.121094 17.601562 L 63.679688 17.601562 Z M 61.921875 22.878906 C 60.878906 22.878906 60 22 60 20.800781 C 60 19.601562 60.878906 18.71875 61.921875 18.71875 C 62.960938 18.71875 63.761719 19.601562 63.761719 20.800781 C 63.761719 22 62.960938 22.878906 61.921875 22.878906 Z M 81.441406 14 L 77.839844 14 L 77.839844 24 L 79.359375 24 L 79.359375 20.238281 L 81.441406 20.238281 C 83.121094 20.238281 84.71875 19.039062 84.71875 17.121094 C 84.71875 15.199219 83.121094 14 81.441406 14 Z M 81.519531 18.800781 L 79.359375 18.800781 L 79.359375 15.359375 L 81.519531 15.359375 C 82.640625 15.359375 83.28125 16.320312 83.28125 17.039062 C 83.199219 17.921875 82.558594 18.800781 81.519531 18.800781 Z M 90.71875 17.359375 C 89.601562 17.359375 88.480469 17.839844 88.078125 18.878906 L 89.441406 19.441406 C 89.761719 18.878906 90.238281 18.71875 90.800781 18.71875 C 91.601562 18.71875 92.320312 19.199219 92.398438 20 L 92.398438 20.078125 C 92.160156 19.921875 91.519531 19.679688 90.878906 19.679688 C 89.441406 19.679688 88 20.480469 88 21.921875 C 88 23.28125 89.199219 24.160156 90.480469 24.160156 C 91.519531 24.160156 92 23.679688 92.398438 23.199219 L 92.480469 23.199219 L 92.480469 24 L 93.921875 24 L 93.921875 20.160156 C 93.761719 18.398438 92.398438 17.359375 90.71875 17.359375 Z M 90.558594 22.878906 C 90.078125 22.878906 89.359375 22.640625 89.359375 22 C 89.359375 21.199219 90.238281 20.960938 90.960938 20.960938 C 91.601562 20.960938 91.921875 21.121094 92.320312 21.28125 C 92.160156 22.238281 91.359375 22.878906 90.558594 22.878906 Z M 98.960938 17.601562 L 97.28125 21.921875 L 97.199219 21.921875 L 95.441406 17.601562 L 93.839844 17.601562 L 96.480469 23.679688 L 94.960938 27.039062 L 96.480469 27.039062 L 100.558594 17.601562 Z M 85.519531 24 L 87.039062 24 L 87.039062 14 L 85.519531 14 Z M 85.519531 24 " style="stroke: none; fill-rule: evenodd; fill: rgb(255, 255, 255); fill-opacity: 1;"></path><path d="M 8.320312 6 C 8.078125 6.320312 8 6.640625 8 7.199219 L 8 24.800781 C 8 25.28125 8.160156 25.679688 8.398438 25.921875 L 8.480469 26 L 18.398438 16.078125 L 18.398438 15.921875 Z M 8.320312 6 " style="stroke: none; fill-rule: evenodd; fill: rgb(91, 201, 244); fill-opacity: 1;"></path><path d="M 21.601562 19.441406 L 18.320312 16.160156 L 18.320312 15.921875 L 21.601562 12.640625 L 21.679688 12.71875 L 25.601562 14.960938 C 26.71875 15.601562 26.71875 16.640625 25.601562 17.28125 Z M 21.601562 19.441406 " style="stroke: none; fill-rule: evenodd; fill: url(&quot;#linear0&quot;);"></path><path d="M 21.679688 19.359375 L 18.320312 16 L 8.320312 26 C 8.71875 26.398438 9.28125 26.398438 10 26.078125 L 21.679688 19.359375 " style="stroke: none; fill-rule: evenodd; fill: url(&quot;#linear1&quot;);"></path><path d="M 21.679688 12.640625 L 10 6 C 9.28125 5.601562 8.71875 5.679688 8.320312 6.078125 L 18.320312 16 Z M 21.679688 12.640625 " style="stroke: none; fill-rule: evenodd; fill: url(&quot;#linear2&quot;);"></path></g></g></g></svg></div></a></div></div><div class="site-legal-block spyglass-nav-group_wrapper"><div style="display: none;"><div class="spyglass_container spyglass_container--nav-group-type" style="display: none;"><h3>Container/Scheduler</h3><ul><li><span class="spyglass_label">Scheduled Id</span>:
  <a href="http://jiracore.peapod.com/browse/CS-69199" target="_blank" class="spyglass_jira-id-link">
    CS-69199
  </a><!----><!----></li><li><span class="spyglass_label">Container Id</span>:
  <a href="http://jiracore.peapod.com/browse/CS-69195" target="_blank" class="spyglass_jira-id-link">
    CS-69195
  </a><!----><!----></li><li><span class="spyglass_label">Start Date</span>:
  <!----><!----><span>2019-05-29</span></li><li><span class="spyglass_label">End Date</span>:
  <!----><!----><span>2029-04-11</span></li><li><span class="spyglass_label">Module Type</span>:
  <!----><!----><span>Content: Nav Group</span></li><li><span class="spyglass_label">Site Location</span>:
  <!----><!----><span>footer_subnav</span></li><li><span class="spyglass_label">Customer Status</span>:
  <!----><!----><span>New Customer,Existing Customer</span></li><li><span class="spyglass_label">Customer Type</span>:
  <!----><!----><span>Consumer,Merchant</span></li></ul><div><h3>Sub-Tasks:</h3><ul><li><ul><li><span class="spyglass_label">Headline</span>:
  <!----><!----><span>Legal Terms</span></li><li><span class="spyglass_label">Subtask Id</span>:
  <a href="http://jiracore.peapod.com/browse/CS-69196" target="_blank" class="spyglass_jira-id-link">
    CS-69196
  </a><!----><!----></li><li><span class="spyglass_label">Button Link</span>:
  <!----><!----><span>help-modal</span></li><li><span class="spyglass_label">Link Type</span>:
  <!----><!----><span>Modal</span></li></ul></li><li><ul><li><span class="spyglass_label">Headline</span>:
  <!----><!----><span>Privacy Statement</span></li><li><span class="spyglass_label">Subtask Id</span>:
  <a href="http://jiracore.peapod.com/browse/CS-69197" target="_blank" class="spyglass_jira-id-link">
    CS-69197
  </a><!----><!----></li><li><span class="spyglass_label">Button Link</span>:
  <!----><a href="https://about.peapod.com/privacy-policy/" target="_blank">
    https://about.peapod.com/privacy-policy/
  </a><!----></li><li><span class="spyglass_label">Link Type</span>:
  <!----><!----><span>External</span></li></ul></li><li><ul><li><span class="spyglass_label">Headline</span>:
  <!----><!----><span>1990-2019 Peapod, LLC. All Rights Reserved</span></li><li><span class="spyglass_label">Subtask Id</span>:
  <a href="http://jiracore.peapod.com/browse/CS-69198" target="_blank" class="spyglass_jira-id-link">
    CS-69198
  </a><!----><!----></li></ul></li></ul></div></div><div class="spyglass-toggle-tab">
  OPEN INFO
</div></div><div class="site-legal-block_terms-group"><a href="https://www.peapod.com/" aria-label="footer legal terms">
  Legal Terms
</a><!----><a target="_blank" href="https://about.peapod.com/privacy-policy/" aria-label="footer privacy statement">
  Privacy Statement
</a></div><div class="site-legal-block_copyright"><span>1990-2019 Peapod, LLC. All Rights Reserved</span></div></div></div></footer></div></footer-module></div></div></div></div></div></div></ng-include></div><!----><!----></ng-switch></div></div></div><!----><!----></div></div></main></site-subheader-management></div></div>
<!---->


<script type="text/javascript" id="">var custom_cid="414",query_string="",account_id="",channel_source="\x26c3ch\x3dnull",network_source="",creative="",placement="",size="",ad_id="",campaign="",advertiser="",parameters=query_string+account_id+channel_source+network_source+creative+placement+size+ad_id+campaign+advertiser;(parameters=parameters.substring(1))&&(parameters="?"+parameters);var scr_url="//"+custom_cid+"-ct.c3tag.com/c3metrics-"+custom_cid+".js"+parameters,head=document.getElementsByTagName("head")[0],script=document.createElement("script");
script.type="text/javascript";script.src=scr_url;head.appendChild(script);</script>
<script type="text/javascript" id="">window.criteo_q=window.criteo_q||[];window.criteo_q.push({event:"setAccount",account:"49626"},{event:"setRetailerVisitorId",id:"9f8ba071-13e7-4d3b-a9fe-2c1b0dd86ae2"},{event:"setCustomerId",id:"9f8ba071-13e7-4d3b-a9fe-2c1b0dd86ae2"},{event:"viewHome"});</script>
<script type="text/javascript" id="">fbq("track","ViewContent");</script>

<script type="text/javascript" id="" src="./Produce_Packaged_Produce_Salads_files/ld(1).js"></script>
<script type="text/javascript" id="">!function(b,e,f,g,a,c,d){b.fbq||(a=b.fbq=function(){a.callMethod?a.callMethod.apply(a,arguments):a.queue.push(arguments)},b._fbq||(b._fbq=a),a.push=a,a.loaded=!0,a.version="2.0",a.queue=[],c=e.createElement(f),c.async=!0,c.src=g,d=e.getElementsByTagName(f)[0],d.parentNode.insertBefore(c,d))}(window,document,"script","https://connect.facebook.net/en_US/fbevents.js");fbq("init","367377797354413");fbq("track","PageView");</script>
<noscript><img height="1" width="1" style="display:none" src="https://www.facebook.com/tr?id=367377797354413&amp;ev=PageView&amp;noscript=1"></noscript>
 <script type="text/javascript" id="">(function(){var b=document.getElementsByTagName("head")[0],a=document.createElement("script");a.type="text/javascript";a.src="//cdn.krxd.net/controltag/r5kol0qtp.js";b.appendChild(a)})();</script><script type="text/javascript" id="">var pulseSession=getCookie("pulseSession")||"na";if("na"===pulseSession){window.Krux||((Krux=function(){Krux.q.push(arguments)}).q=[]);Krux("ns:peapod","admEvent","MImQpaQq",{});var ranId=Math.floor(1E8*Math.random()+1),pulseSessionId=(new Date).getTime();setCookie("pulseSession",":ss:"+(new Date).getTime()+":vid:"+ranId+";domain\x3d.peapod.com")}
function setCookie(c,d,b){if(b){var a=new Date;a.setTime(a.getTime()+864E5*b);b="; expires\x3d"+a.toGMTString()}else b="";document.cookie=c+"\x3d"+d+b+"; path\x3d/"}function getCookie(c){c+="\x3d";for(var d=document.cookie.split(";"),b=0;b<d.length;b++){for(var a=d[b];" "==a.charAt(0);)a=a.substring(1,a.length);if(0==a.indexOf(c))return a.substring(c.length,a.length)}return null};</script><script type="text/javascript" id="">(function(){var a={sfCartDollarBin:0===google_tag_manager["GTM-MDB4F8D"].macro(11)?"0":200<=google_tag_manager["GTM-MDB4F8D"].macro(12)?"200+":(google_tag_manager["GTM-MDB4F8D"].macro(13)-google_tag_manager["GTM-MDB4F8D"].macro(14)%5).toString()+"-"+(google_tag_manager["GTM-MDB4F8D"].macro(15)-google_tag_manager["GTM-MDB4F8D"].macro(16)%5+5).toString(),sfCartUnitBin:0===google_tag_manager["GTM-MDB4F8D"].macro(17)?"0":(google_tag_manager["GTM-MDB4F8D"].macro(18)-google_tag_manager["GTM-MDB4F8D"].macro(19)%5).toString()+"-"+(google_tag_manager["GTM-MDB4F8D"].macro(20)-google_tag_manager["GTM-MDB4F8D"].macro(21)%5+5).toString()};window.sfParam=a;window.Krux||((Krux=function(){Krux.q.push(arguments)}).q=[]);Krux("ns:peapod","consent:set",
{dc:!0,tg:!0,al:!0,cd:!1,sh:!1,re:!1})})();</script><script type="text/javascript" id="">(function(c,d,a,b){c.ndp||(c.ndp=function(){ndp.queue.push(arguments)},ndp.queue=[],a=d.createElement("script"),a.async=!0,a.src="https://nextdoor.com/static/pixel/pixel.js",b=d.getElementsByTagName("script")[0],b.parentNode.insertBefore(a,b))})(window,document,"script","src");</script><script type="text/javascript" id="">var tag_id="2619778734845",pageName="All Pages",pageCategory="All Categories";!function(){if(!window.pintrk){window.pintrk=function(){window.pintrk.queue.push(Array.prototype.slice.call(arguments))};var a=window.pintrk;a.queue=[];a.version="3.0";a=document.getElementsByTagName("head")[0];var b=document.createElement("script");b.type="text/javascript";b.src="https://s.pinimg.com/ct/core.js";a.appendChild(b)}}();pintrk("load",tag_id);pintrk("page",{page_name:pageName,page_category:pageCategory});</script><script type="text/javascript" id="">(function(){var a="peapod";a="//origin.extole.io/"+a+"/core.js";var c=document.getElementsByTagName("head")[0],b=document.createElement("script");b.type="text/javascript";b.src=a;c.appendChild(b)})();</script><script type="text/javascript" id="">var type="global_header",element_id="extole_global_header";fields={first_name:"",last_name:"",email:"",partner_user_id:"",partner_conversion_id:"",coupon_code:"",advocate_code:"",cart_value:""};(function(a,b,e,c,d){a[b]=a[b]||{};for(a[b].q=a[b].q||[];d<c.length;)e(c[d++],a[b])})(window,"extole",function(a,b){b[a]=b[a]||function(){b.q.push([a,arguments])}},["createZone"],0);data={};for(var field in fields)""!==fields[field]&&(data[field]=fields[field]);
extole.createZone({name:type,element_id:element_id,data:data});</script><script type="text/javascript" id="">var partner_code="cxbew",lifecycle="inte",src="//px.owneriq.net/stas/s/"+partner_code+".js",head=document.getElementsByTagName("head")[0],script=document.createElement("script");script.type="text/javascript";script.src=src;head.appendChild(script);window._oiqq=window._oiqq||[];window._oiqq.push(["oiq_addPageLifecycle",lifecycle]);window._oiqq.push(["oiq_doTag"]);</script><script type="text/javascript" id="">var pixelID="817960774913222",locale="en_US";(function(a){if(!window.fbq){a=window.fbq=function(){a.callMethod?a.callMethod.apply(a,arguments):a.queue.push(arguments)};window._fbq||(window._fbq=a);a.push=a;a.loaded=!0;a.version="2.0";a.queue=[];var c="//connect.facebook.net/"+locale+"/fbevents.js",d=document.getElementsByTagName("head")[0],b=document.createElement("script");b.async=!0;b.type="text/javascript";b.src=c;d.appendChild(b)}})();fbq("init",pixelID);fbq("track","PageView");</script>

<script type="text/javascript" id="">!function(b){if(!window.pintrk){window.pintrk=function(){window.pintrk.queue.push(Array.prototype.slice.call(arguments))};var a=window.pintrk;a.queue=[];a.version="3.0";a=document.createElement("script");a.async=!0;a.src=b;b=document.getElementsByTagName("script")[0];b.parentNode.insertBefore(a,b)}}("https://s.pinimg.com/ct/core.js");pintrk("load","2613080140156",{em:"\x3cuser_email_address\x3e"});pintrk("page");</script>
<noscript>
<img height="1" width="1" style="display:none;" alt="" src="https://ct.pinterest.com/v3/?tid=2613080140156&amp;pd[em]=&lt;hashed_email_address&gt;&amp;noscript=1">
</noscript>
<div style="display: none; visibility: hidden;"><script>(function(a){var c=("https:"==document.location.protocol?"https://":"http://")+"centro.pixel.ad/dmp/asyncPixelSync",b=a.createElement("iframe");(b.frameElement||b).style.cssText="width: 0; height: 0; border: 0;";b.src="javascript:false";a.body.appendChild(b);a=b.contentWindow.document;a.open().write("\x3cbody onload\x3d\"window.location.href\x3d'"+c+"'\"\x3e");a.close()})(document);</script></div><iframe src="javascript:false" style="width: 0px; height: 0px; border: 0px;" src="./Produce_Packaged_Produce_Salads_files/saved_resource(22).html"></iframe><script type="text/javascript" async="" src="./Produce_Packaged_Produce_Salads_files/saved_resource"></script><script src="./Produce_Packaged_Produce_Salads_files/8545500175.js" type="text/javascript"></script><iframe src="./Produce_Packaged_Produce_Salads_files/eps.html" style="display: none;"></iframe> <div id="criteo-tags-div" style="display: none;"><script async="true" type="text/javascript" src="./Produce_Packaged_Produce_Salads_files/event"></script><iframe height="0" width="0" src="./Produce_Packaged_Produce_Salads_files/dis.html" title="Criteo DIS iframe" style="display: none;"></iframe><script async="true" type="text/javascript" src="./Produce_Packaged_Produce_Salads_files/event(1)"></script><iframe height="0" width="0" src="./Produce_Packaged_Produce_Salads_files/dis(1).html" title="Criteo DIS iframe" style="display: none;"></iframe></div><div class="kxhead" data-id="r5kol0qtp" style="display:none !important;"><span class="kxtag kxinvisible" data-id="35787"><!-- Facebook Pixel Code --> 
<script>
   !function(f,b,e,v,n,t,s)
   {if(f.fbq)return;n=f.fbq=function(){n.callMethod?
   n.callMethod.apply(n,arguments):n.queue.push(arguments)};
   if(!f._fbq)f._fbq=n;n.push=n;n.loaded=!0;n.version='2.0';
   n.queue=[];t=b.createElement(e);t.async=!0;
   t.src=v;s=b.getElementsByTagName(e)[0];
   s.parentNode.insertBefore(t,s)}(window, document,'script',
   'https://connect.facebook.net/en_US/fbevents.js');
   fbq('init', '104762392963845');
</script>
<noscript></noscript>
</span><span class="kxtag kxinvisible" data-id="32615"><script>
(function(){
	Krux('scrape',{'page_attr_url_path_1':{'url_path':'1'}});
	Krux('scrape',{'page_attr_url_path_2':{'url_path':'2'}});
	Krux('scrape',{'page_attr_url_path_3':{'url_path':'3'}});
	Krux('scrape',{'page_attr_meta_keywords':{meta_name:'keywords'}});

	Krux('scrape',{'page_attr_domain':{url_domain: '2'}});

})();
</script></span><span class="kxtag kxinvisible" data-id="32860"><script>
(function(){

	var params = Krux('require:util').urlParams();
	
	Krux ('set', { 
	'page_attr_utm_source': params.utm_source,
	'page_attr_utm_medium': params.utm_medium,
	'page_attr_utm_campaign': params.utm_campaign,
	'page_attr_utm_content': params.utm_content,
	'page_attr_utm_term': params.utm_term 
	});
	
})();
</script></span><span class="kxtag kxinvisible" data-id="32901"><script>
(function() {
    var dataObj = Krux('scrape.javascript', 'tmParam'),
        userKeys = 'tm_user_id,tm_zip_cd,tm_user_levl_cd,tm_type_cd,tm_pup_avail,tm_pup_ords',
        omitKeys = 'undefined',
        custDelimit = 'undefined',
        prefix = 'undefined_',
        config = {
            'userKeys': userKeys ? userKeys.split(',') : undefined,
            'omitKeys': (omitKeys ? omitKeys.split(',') : []).concat([
                /gtm\./, // GTM events
                /sessionid/i, // Session ids
                /\.phpsessid$/i, // Session ids
                /\.sid$/i, // Session ids
                /\.zenid$/i, // Session ids
                /\.requestid$/i // Request ids
            ]),
            'omitValues': [
                /.*@.*(?:\..*)+/, // Email Addresses
                /gtm\./, // GTM events
                /^(https?:)?\/\/[^\/]+/, // URLs
                /^\/[^\/]+/, // URL paths
                /.{255}/ // Long values
            ],
            'customDelimited': custDelimit ? custDelimit.split(',') : undefined,
            'caseSensitive': 'false' === 'true',
            'useFullPath': 'false' === 'true',
            'useLastValue': 'false' === 'true',
            'convertAttrNames': []
        };
    if (!prefix.match(/^$|null|undefined|false/)) {
        config.convertAttrNames.push({
            pattern: /((?:page|user)_attr_)/,
            replacement: '$1' + prefix
        });
    }
    Krux('ingestDataLayer', dataObj, config);
}).call();
</script></span><span class="kxtag kxinvisible" data-id="32995"><script>
(function() {
    var dataObj = Krux('scrape.javascript', 'sfParam'),
        userKeys = 'sfCartDollarBin,sfCartUnitBin',
        omitKeys = 'undefined',
        custDelimit = 'undefined',
        prefix = 'undefined_',
        config = {
            'userKeys': userKeys ? userKeys.split(',') : undefined,
            'omitKeys': (omitKeys ? omitKeys.split(',') : []).concat([
                /gtm\./, // GTM events
                /sessionid/i, // Session ids
                /\.phpsessid$/i, // Session ids
                /\.sid$/i, // Session ids
                /\.zenid$/i, // Session ids
                /\.requestid$/i // Request ids
            ]),
            'omitValues': [
                /.*@.*(?:\..*)+/, // Email Addresses
                /gtm\./, // GTM events
                /^(https?:)?\/\/[^\/]+/, // URLs
                /^\/[^\/]+/, // URL paths
                /.{255}/ // Long values
            ],
            'customDelimited': custDelimit ? custDelimit.split(',') : undefined,
            'caseSensitive': 'false' === 'true',
            'useFullPath': 'false' === 'true',
            'useLastValue': 'false' === 'true',
            'convertAttrNames': []
        };
    if (!prefix.match(/^$|null|undefined|false/)) {
        config.convertAttrNames.push({
            pattern: /((?:page|user)_attr_)/,
            replacement: '$1' + prefix
        });
    }
    Krux('ingestDataLayer', dataObj, config);
}).call();
</script></span><span class="kxtag kxinvisible" data-id="33408"><script>
 (function() {
     var _kxStore = Krux('require:store');
     _kxStore.set('segs_partner', _kxStore.get('segs'));
     Krux('segments:watch', function(segs) {
         setTimeout(function() {
             _kxStore.set('segs_partner', _kxStore.get('segs'));
         }, 1);

     });
 })();
</script></span></div><script type="text/javascript" id="">var partner_code="cxbew",lifecycle="inte",src="//px.owneriq.net/stas/s/"+partner_code+".js",head=document.getElementsByTagName("head")[0],script=document.createElement("script");script.type="text/javascript";script.src=src;head.appendChild(script);window._oiqq=window._oiqq||[];window._oiqq.push(["oiq_addPageLifecycle",lifecycle]);window._oiqq.push(["oiq_doTag"]);</script><script type="text/javascript" async="" src="./Produce_Packaged_Produce_Salads_files/saved_resource"></script><script type="text/javascript" id="">window.criteo_q=window.criteo_q||[];window.criteo_q.push({event:"setAccount",account:"49626"},{event:"setRetailerVisitorId",id:"9f8ba071-13e7-4d3b-a9fe-2c1b0dd86ae2"},{event:"setCustomerId",id:"9f8ba071-13e7-4d3b-a9fe-2c1b0dd86ae2"},{event:"viewCategory",item:google_tag_manager["GTM-MDB4F8D"].macro(41),category:"2098",page_number:1});</script>


<iframe src="./Produce_Packaged_Produce_Salads_files/eps(1).html" style="display: none;"></iframe><script src="./Produce_Packaged_Produce_Salads_files/gpt.js" type="text/javascript"></script><script type="text/javascript" id="">var partner_code="cxbew",lifecycle="inte",src="//px.owneriq.net/stas/s/"+partner_code+".js",head=document.getElementsByTagName("head")[0],script=document.createElement("script");script.type="text/javascript";script.src=src;head.appendChild(script);window._oiqq=window._oiqq||[];window._oiqq.push(["oiq_addPageLifecycle",lifecycle]);window._oiqq.push(["oiq_doTag"]);</script><script type="text/javascript" async="" src="./Produce_Packaged_Produce_Salads_files/saved_resource(1)"></script><script type="text/javascript" id="">window.criteo_q=window.criteo_q||[];window.criteo_q.push({event:"setAccount",account:"49626"},{event:"setRetailerVisitorId",id:"9f8ba071-13e7-4d3b-a9fe-2c1b0dd86ae2"},{event:"setCustomerId",id:"9f8ba071-13e7-4d3b-a9fe-2c1b0dd86ae2"},{event:"viewCategory",item:google_tag_manager["GTM-MDB4F8D"].macro(53),category:"2155",page_number:1});</script>


<iframe src="./Produce_Packaged_Produce_Salads_files/eps(2).html" style="display: none;"></iframe><iframe id="google_osd_static_frame_490620537022" name="google_osd_static_frame" style="display: none; width: 0px; height: 0px;" src="./Produce_Packaged_Produce_Salads_files/saved_resource(23).html"></iframe><script type="text/javascript" id="">var partner_code="cxbew",lifecycle="inte",src="//px.owneriq.net/stas/s/"+partner_code+".js",head=document.getElementsByTagName("head")[0],script=document.createElement("script");script.type="text/javascript";script.src=src;head.appendChild(script);window._oiqq=window._oiqq||[];window._oiqq.push(["oiq_addPageLifecycle",lifecycle]);window._oiqq.push(["oiq_doTag"]);</script><script type="text/javascript" async="" src="./Produce_Packaged_Produce_Salads_files/saved_resource(1)"></script><script type="text/javascript" id="">window.criteo_q=window.criteo_q||[];window.criteo_q.push({event:"setAccount",account:"49626"},{event:"setRetailerVisitorId",id:"9f8ba071-13e7-4d3b-a9fe-2c1b0dd86ae2"},{event:"setCustomerId",id:"9f8ba071-13e7-4d3b-a9fe-2c1b0dd86ae2"},{event:"viewCategory",item:google_tag_manager["GTM-MDB4F8D"].macro(65),category:"2098",page_number:1});</script>


<iframe src="./Produce_Packaged_Produce_Salads_files/eps(3).html" style="display: none;"></iframe><script type="text/javascript" id="">var partner_code="cxbew",lifecycle="inte",src="//px.owneriq.net/stas/s/"+partner_code+".js",head=document.getElementsByTagName("head")[0],script=document.createElement("script");script.type="text/javascript";script.src=src;head.appendChild(script);window._oiqq=window._oiqq||[];window._oiqq.push(["oiq_addPageLifecycle",lifecycle]);window._oiqq.push(["oiq_doTag"]);</script><script type="text/javascript" async="" src="./Produce_Packaged_Produce_Salads_files/saved_resource(1)"></script><script type="text/javascript" id="">window.criteo_q=window.criteo_q||[];window.criteo_q.push({event:"setAccount",account:"49626"},{event:"setRetailerVisitorId",id:"9f8ba071-13e7-4d3b-a9fe-2c1b0dd86ae2"},{event:"setCustomerId",id:"9f8ba071-13e7-4d3b-a9fe-2c1b0dd86ae2"},{event:"viewCategory",item:google_tag_manager["GTM-MDB4F8D"].macro(77),category:"2155",page_number:1});</script>


<iframe src="./Produce_Packaged_Produce_Salads_files/eps(4).html" style="display: none;"></iframe><script type="text/javascript" id="">var partner_code="cxbew",lifecycle="inte",src="//px.owneriq.net/stas/s/"+partner_code+".js",head=document.getElementsByTagName("head")[0],script=document.createElement("script");script.type="text/javascript";script.src=src;head.appendChild(script);window._oiqq=window._oiqq||[];window._oiqq.push(["oiq_addPageLifecycle",lifecycle]);window._oiqq.push(["oiq_doTag"]);</script><script type="text/javascript" async="" src="./Produce_Packaged_Produce_Salads_files/saved_resource(2)"></script><script type="text/javascript" id="">window.criteo_q=window.criteo_q||[];window.criteo_q.push({event:"setAccount",account:"49626"},{event:"setRetailerVisitorId",id:"9f8ba071-13e7-4d3b-a9fe-2c1b0dd86ae2"},{event:"setCustomerId",id:"9f8ba071-13e7-4d3b-a9fe-2c1b0dd86ae2"},{event:"viewCategory",item:google_tag_manager["GTM-MDB4F8D"].macro(95),category:"undefined",page_number:1});</script>


<iframe src="./Produce_Packaged_Produce_Salads_files/eps(5).html" style="display: none;"></iframe><script type="text/javascript" id="">var partner_code="cxbew",lifecycle="inte",src="//px.owneriq.net/stas/s/"+partner_code+".js",head=document.getElementsByTagName("head")[0],script=document.createElement("script");script.type="text/javascript";script.src=src;head.appendChild(script);window._oiqq=window._oiqq||[];window._oiqq.push(["oiq_addPageLifecycle",lifecycle]);window._oiqq.push(["oiq_doTag"]);</script><script type="text/javascript" async="" src="./Produce_Packaged_Produce_Salads_files/saved_resource(3)"></script><script type="text/javascript" id="">window.criteo_q=window.criteo_q||[];window.criteo_q.push({event:"setAccount",account:"49626"},{event:"setRetailerVisitorId",id:"9f8ba071-13e7-4d3b-a9fe-2c1b0dd86ae2"},{event:"setCustomerId",id:"9f8ba071-13e7-4d3b-a9fe-2c1b0dd86ae2"},{event:"viewCategory",item:google_tag_manager["GTM-MDB4F8D"].macro(107),category:"2098",page_number:1});</script>


<iframe src="./Produce_Packaged_Produce_Salads_files/eps(6).html" style="display: none;"></iframe><script type="text/javascript" id="">var partner_code="cxbew",lifecycle="inte",src="//px.owneriq.net/stas/s/"+partner_code+".js",head=document.getElementsByTagName("head")[0],script=document.createElement("script");script.type="text/javascript";script.src=src;head.appendChild(script);window._oiqq=window._oiqq||[];window._oiqq.push(["oiq_addPageLifecycle",lifecycle]);window._oiqq.push(["oiq_doTag"]);</script><script type="text/javascript" async="" src="./Produce_Packaged_Produce_Salads_files/saved_resource(1)"></script><script type="text/javascript" id="">window.criteo_q=window.criteo_q||[];window.criteo_q.push({event:"setAccount",account:"49626"},{event:"setRetailerVisitorId",id:"9f8ba071-13e7-4d3b-a9fe-2c1b0dd86ae2"},{event:"setCustomerId",id:"9f8ba071-13e7-4d3b-a9fe-2c1b0dd86ae2"},{event:"viewCategory",item:google_tag_manager["GTM-MDB4F8D"].macro(119),category:"2155",page_number:1});</script>


<iframe src="./Produce_Packaged_Produce_Salads_files/eps(7).html" style="display: none;"></iframe><script type="text/javascript" id="">var partner_code="cxbew",lifecycle="inte",src="//px.owneriq.net/stas/s/"+partner_code+".js",head=document.getElementsByTagName("head")[0],script=document.createElement("script");script.type="text/javascript";script.src=src;head.appendChild(script);window._oiqq=window._oiqq||[];window._oiqq.push(["oiq_addPageLifecycle",lifecycle]);window._oiqq.push(["oiq_doTag"]);</script><script type="text/javascript" async="" src="./Produce_Packaged_Produce_Salads_files/saved_resource(2)"></script><script type="text/javascript" id="">window.criteo_q=window.criteo_q||[];window.criteo_q.push({event:"setAccount",account:"49626"},{event:"setRetailerVisitorId",id:"9f8ba071-13e7-4d3b-a9fe-2c1b0dd86ae2"},{event:"setCustomerId",id:"9f8ba071-13e7-4d3b-a9fe-2c1b0dd86ae2"},{event:"viewCategory",item:google_tag_manager["GTM-MDB4F8D"].macro(155),category:"2098",page_number:1});</script>


<iframe src="./Produce_Packaged_Produce_Salads_files/eps(8).html" style="display: none;"></iframe><script type="text/javascript" id="">var partner_code="cxbew",lifecycle="inte",src="//px.owneriq.net/stas/s/"+partner_code+".js",head=document.getElementsByTagName("head")[0],script=document.createElement("script");script.type="text/javascript";script.src=src;head.appendChild(script);window._oiqq=window._oiqq||[];window._oiqq.push(["oiq_addPageLifecycle",lifecycle]);window._oiqq.push(["oiq_doTag"]);</script><script type="text/javascript" async="" src="./Produce_Packaged_Produce_Salads_files/saved_resource(1)"></script><script type="text/javascript" id="">window.criteo_q=window.criteo_q||[];window.criteo_q.push({event:"setAccount",account:"49626"},{event:"setRetailerVisitorId",id:"9f8ba071-13e7-4d3b-a9fe-2c1b0dd86ae2"},{event:"setCustomerId",id:"9f8ba071-13e7-4d3b-a9fe-2c1b0dd86ae2"},{event:"viewCategory",item:google_tag_manager["GTM-MDB4F8D"].macro(167),category:"2334",page_number:1});</script>


<iframe src="./Produce_Packaged_Produce_Salads_files/eps(9).html" style="display: none;"></iframe><script type="text/javascript" id="">var partner_code="cxbew",lifecycle="inte",src="//px.owneriq.net/stas/s/"+partner_code+".js",head=document.getElementsByTagName("head")[0],script=document.createElement("script");script.type="text/javascript";script.src=src;head.appendChild(script);window._oiqq=window._oiqq||[];window._oiqq.push(["oiq_addPageLifecycle",lifecycle]);window._oiqq.push(["oiq_doTag"]);</script><script type="text/javascript" async="" src="./Produce_Packaged_Produce_Salads_files/saved_resource(4)"></script><script type="text/javascript" id="">window.criteo_q=window.criteo_q||[];window.criteo_q.push({event:"setAccount",account:"49626"},{event:"setRetailerVisitorId",id:"9f8ba071-13e7-4d3b-a9fe-2c1b0dd86ae2"},{event:"setCustomerId",id:"9f8ba071-13e7-4d3b-a9fe-2c1b0dd86ae2"},{event:"viewCategory",item:google_tag_manager["GTM-MDB4F8D"].macro(179),category:"2098",page_number:1});</script>


<iframe src="./Produce_Packaged_Produce_Salads_files/eps(10).html" style="display: none;"></iframe><script type="text/javascript" id="">var partner_code="cxbew",lifecycle="inte",src="//px.owneriq.net/stas/s/"+partner_code+".js",head=document.getElementsByTagName("head")[0],script=document.createElement("script");script.type="text/javascript";script.src=src;head.appendChild(script);window._oiqq=window._oiqq||[];window._oiqq.push(["oiq_addPageLifecycle",lifecycle]);window._oiqq.push(["oiq_doTag"]);</script><script type="text/javascript" async="" src="./Produce_Packaged_Produce_Salads_files/saved_resource(1)"></script><script type="text/javascript" id="">window.criteo_q=window.criteo_q||[];window.criteo_q.push({event:"setAccount",account:"49626"},{event:"setRetailerVisitorId",id:"9f8ba071-13e7-4d3b-a9fe-2c1b0dd86ae2"},{event:"setCustomerId",id:"9f8ba071-13e7-4d3b-a9fe-2c1b0dd86ae2"},{event:"viewCategory",item:google_tag_manager["GTM-MDB4F8D"].macro(191),category:"2106",page_number:1});</script>


<iframe src="./Produce_Packaged_Produce_Salads_files/eps(11).html" style="display: none;"></iframe><script type="text/javascript" id="">var partner_code="cxbew",lifecycle="inte",src="//px.owneriq.net/stas/s/"+partner_code+".js",head=document.getElementsByTagName("head")[0],script=document.createElement("script");script.type="text/javascript";script.src=src;head.appendChild(script);window._oiqq=window._oiqq||[];window._oiqq.push(["oiq_addPageLifecycle",lifecycle]);window._oiqq.push(["oiq_doTag"]);</script><script type="text/javascript" async="" src="./Produce_Packaged_Produce_Salads_files/saved_resource(5)"></script><script type="text/javascript" id="">window.criteo_q=window.criteo_q||[];window.criteo_q.push({event:"setAccount",account:"49626"},{event:"setRetailerVisitorId",id:"9f8ba071-13e7-4d3b-a9fe-2c1b0dd86ae2"},{event:"setCustomerId",id:"9f8ba071-13e7-4d3b-a9fe-2c1b0dd86ae2"},{event:"viewCategory",item:google_tag_manager["GTM-MDB4F8D"].macro(203),category:"3525",page_number:1});</script>


<iframe src="./Produce_Packaged_Produce_Salads_files/eps(12).html" style="display: none;"></iframe><script type="text/javascript" id="">var partner_code="cxbew",lifecycle="inte",src="//px.owneriq.net/stas/s/"+partner_code+".js",head=document.getElementsByTagName("head")[0],script=document.createElement("script");script.type="text/javascript";script.src=src;head.appendChild(script);window._oiqq=window._oiqq||[];window._oiqq.push(["oiq_addPageLifecycle",lifecycle]);window._oiqq.push(["oiq_doTag"]);</script><script type="text/javascript" async="" src="./Produce_Packaged_Produce_Salads_files/saved_resource(6)"></script><script type="text/javascript" id="">window.criteo_q=window.criteo_q||[];window.criteo_q.push({event:"setAccount",account:"49626"},{event:"setRetailerVisitorId",id:"9f8ba071-13e7-4d3b-a9fe-2c1b0dd86ae2"},{event:"setCustomerId",id:"9f8ba071-13e7-4d3b-a9fe-2c1b0dd86ae2"},{event:"viewCategory",item:google_tag_manager["GTM-MDB4F8D"].macro(215),category:"3526",page_number:1});</script>


<iframe src="./Produce_Packaged_Produce_Salads_files/eps(13).html" style="display: none;"></iframe><script type="text/javascript" id="">var partner_code="cxbew",lifecycle="inte",src="//px.owneriq.net/stas/s/"+partner_code+".js",head=document.getElementsByTagName("head")[0],script=document.createElement("script");script.type="text/javascript";script.src=src;head.appendChild(script);window._oiqq=window._oiqq||[];window._oiqq.push(["oiq_addPageLifecycle",lifecycle]);window._oiqq.push(["oiq_doTag"]);</script><script type="text/javascript" async="" src="./Produce_Packaged_Produce_Salads_files/saved_resource(7)"></script><script type="text/javascript" id="">window.criteo_q=window.criteo_q||[];window.criteo_q.push({event:"setAccount",account:"49626"},{event:"setRetailerVisitorId",id:"9f8ba071-13e7-4d3b-a9fe-2c1b0dd86ae2"},{event:"setCustomerId",id:"9f8ba071-13e7-4d3b-a9fe-2c1b0dd86ae2"},{event:"viewCategory",item:google_tag_manager["GTM-MDB4F8D"].macro(227),category:"3525",page_number:1});</script>


<iframe src="./Produce_Packaged_Produce_Salads_files/eps(14).html" style="display: none;"></iframe><script type="text/javascript" id="">var partner_code="cxbew",lifecycle="inte",src="//px.owneriq.net/stas/s/"+partner_code+".js",head=document.getElementsByTagName("head")[0],script=document.createElement("script");script.type="text/javascript";script.src=src;head.appendChild(script);window._oiqq=window._oiqq||[];window._oiqq.push(["oiq_addPageLifecycle",lifecycle]);window._oiqq.push(["oiq_doTag"]);</script><script type="text/javascript" async="" src="./Produce_Packaged_Produce_Salads_files/saved_resource(6)"></script><script type="text/javascript" id="">window.criteo_q=window.criteo_q||[];window.criteo_q.push({event:"setAccount",account:"49626"},{event:"setRetailerVisitorId",id:"9f8ba071-13e7-4d3b-a9fe-2c1b0dd86ae2"},{event:"setCustomerId",id:"9f8ba071-13e7-4d3b-a9fe-2c1b0dd86ae2"},{event:"viewCategory",item:google_tag_manager["GTM-MDB4F8D"].macro(239),category:"2098",page_number:1});</script>


<iframe src="./Produce_Packaged_Produce_Salads_files/eps(15).html" style="display: none;"></iframe><script type="text/javascript" id="">var partner_code="cxbew",lifecycle="inte",src="//px.owneriq.net/stas/s/"+partner_code+".js",head=document.getElementsByTagName("head")[0],script=document.createElement("script");script.type="text/javascript";script.src=src;head.appendChild(script);window._oiqq=window._oiqq||[];window._oiqq.push(["oiq_addPageLifecycle",lifecycle]);window._oiqq.push(["oiq_doTag"]);</script><script type="text/javascript" async="" src="./Produce_Packaged_Produce_Salads_files/saved_resource(1)"></script><script type="text/javascript" id="">window.criteo_q=window.criteo_q||[];window.criteo_q.push({event:"setAccount",account:"49626"},{event:"setRetailerVisitorId",id:"9f8ba071-13e7-4d3b-a9fe-2c1b0dd86ae2"},{event:"setCustomerId",id:"9f8ba071-13e7-4d3b-a9fe-2c1b0dd86ae2"},{event:"viewCategory",item:google_tag_manager["GTM-MDB4F8D"].macro(251),category:"3525",page_number:1});</script>


<iframe src="./Produce_Packaged_Produce_Salads_files/eps(16).html" style="display: none;"></iframe><script type="text/javascript" id="">var partner_code="cxbew",lifecycle="inte",src="//px.owneriq.net/stas/s/"+partner_code+".js",head=document.getElementsByTagName("head")[0],script=document.createElement("script");script.type="text/javascript";script.src=src;head.appendChild(script);window._oiqq=window._oiqq||[];window._oiqq.push(["oiq_addPageLifecycle",lifecycle]);window._oiqq.push(["oiq_doTag"]);</script><script type="text/javascript" async="" src="./Produce_Packaged_Produce_Salads_files/saved_resource(6)"></script><script type="text/javascript" id="">window.criteo_q=window.criteo_q||[];window.criteo_q.push({event:"setAccount",account:"49626"},{event:"setRetailerVisitorId",id:"9f8ba071-13e7-4d3b-a9fe-2c1b0dd86ae2"},{event:"setCustomerId",id:"9f8ba071-13e7-4d3b-a9fe-2c1b0dd86ae2"},{event:"viewCategory",item:google_tag_manager["GTM-MDB4F8D"].macro(263),category:"2098",page_number:1});</script>


<iframe src="./Produce_Packaged_Produce_Salads_files/eps(17).html" style="display: none;"></iframe><script type="text/javascript" id="">var partner_code="cxbew",lifecycle="inte",src="//px.owneriq.net/stas/s/"+partner_code+".js",head=document.getElementsByTagName("head")[0],script=document.createElement("script");script.type="text/javascript";script.src=src;head.appendChild(script);window._oiqq=window._oiqq||[];window._oiqq.push(["oiq_addPageLifecycle",lifecycle]);window._oiqq.push(["oiq_doTag"]);</script><script type="text/javascript" async="" src="./Produce_Packaged_Produce_Salads_files/saved_resource(1)"></script><script type="text/javascript" id="">window.criteo_q=window.criteo_q||[];window.criteo_q.push({event:"setAccount",account:"49626"},{event:"setRetailerVisitorId",id:"9f8ba071-13e7-4d3b-a9fe-2c1b0dd86ae2"},{event:"setCustomerId",id:"9f8ba071-13e7-4d3b-a9fe-2c1b0dd86ae2"},{event:"viewCategory",item:google_tag_manager["GTM-MDB4F8D"].macro(275),category:"undefined",page_number:1});</script>


<iframe src="./Produce_Packaged_Produce_Salads_files/eps(18).html" style="display: none;"></iframe><script type="text/javascript" id="">var partner_code="cxbew",lifecycle="inte",src="//px.owneriq.net/stas/s/"+partner_code+".js",head=document.getElementsByTagName("head")[0],script=document.createElement("script");script.type="text/javascript";script.src=src;head.appendChild(script);window._oiqq=window._oiqq||[];window._oiqq.push(["oiq_addPageLifecycle",lifecycle]);window._oiqq.push(["oiq_doTag"]);</script><script type="text/javascript" async="" src="./Produce_Packaged_Produce_Salads_files/saved_resource(3)"></script><script type="text/javascript" id="">window.criteo_q=window.criteo_q||[];window.criteo_q.push({event:"setAccount",account:"49626"},{event:"setRetailerVisitorId",id:"9f8ba071-13e7-4d3b-a9fe-2c1b0dd86ae2"},{event:"setCustomerId",id:"9f8ba071-13e7-4d3b-a9fe-2c1b0dd86ae2"},{event:"viewCategory",item:google_tag_manager["GTM-MDB4F8D"].macro(287),category:"1563",page_number:1});</script>


<iframe src="./Produce_Packaged_Produce_Salads_files/eps(19).html" style="display: none;"></iframe><script type="text/javascript" id="">var partner_code="cxbew",lifecycle="inte",src="//px.owneriq.net/stas/s/"+partner_code+".js",head=document.getElementsByTagName("head")[0],script=document.createElement("script");script.type="text/javascript";script.src=src;head.appendChild(script);window._oiqq=window._oiqq||[];window._oiqq.push(["oiq_addPageLifecycle",lifecycle]);window._oiqq.push(["oiq_doTag"]);</script><script type="text/javascript" async="" src="./Produce_Packaged_Produce_Salads_files/saved_resource(8)"></script><script type="text/javascript" id="">window.criteo_q=window.criteo_q||[];window.criteo_q.push({event:"setAccount",account:"49626"},{event:"setRetailerVisitorId",id:"9f8ba071-13e7-4d3b-a9fe-2c1b0dd86ae2"},{event:"setCustomerId",id:"9f8ba071-13e7-4d3b-a9fe-2c1b0dd86ae2"},{event:"viewCategory",item:google_tag_manager["GTM-MDB4F8D"].macro(299),category:"undefined",page_number:1});</script>


<iframe src="./Produce_Packaged_Produce_Salads_files/eps(20).html" style="display: none;"></iframe><script type="text/javascript" id="">var partner_code="cxbew",lifecycle="inte",src="//px.owneriq.net/stas/s/"+partner_code+".js",head=document.getElementsByTagName("head")[0],script=document.createElement("script");script.type="text/javascript";script.src=src;head.appendChild(script);window._oiqq=window._oiqq||[];window._oiqq.push(["oiq_addPageLifecycle",lifecycle]);window._oiqq.push(["oiq_doTag"]);</script><script type="text/javascript" async="" src="./Produce_Packaged_Produce_Salads_files/saved_resource(3)"></script><script type="text/javascript" id="">window.criteo_q=window.criteo_q||[];window.criteo_q.push({event:"setAccount",account:"49626"},{event:"setRetailerVisitorId",id:"9f8ba071-13e7-4d3b-a9fe-2c1b0dd86ae2"},{event:"setCustomerId",id:"9f8ba071-13e7-4d3b-a9fe-2c1b0dd86ae2"},{event:"viewCategory",item:google_tag_manager["GTM-MDB4F8D"].macro(311),category:"1633",page_number:1});</script>


<iframe src="./Produce_Packaged_Produce_Salads_files/eps(21).html" style="display: none;"></iframe><script type="text/javascript" id="">var partner_code="cxbew",lifecycle="inte",src="//px.owneriq.net/stas/s/"+partner_code+".js",head=document.getElementsByTagName("head")[0],script=document.createElement("script");script.type="text/javascript";script.src=src;head.appendChild(script);window._oiqq=window._oiqq||[];window._oiqq.push(["oiq_addPageLifecycle",lifecycle]);window._oiqq.push(["oiq_doTag"]);</script><script type="text/javascript" async="" src="./Produce_Packaged_Produce_Salads_files/saved_resource(9)"></script><script type="text/javascript" id="">window.criteo_q=window.criteo_q||[];window.criteo_q.push({event:"setAccount",account:"49626"},{event:"setRetailerVisitorId",id:"9f8ba071-13e7-4d3b-a9fe-2c1b0dd86ae2"},{event:"setCustomerId",id:"9f8ba071-13e7-4d3b-a9fe-2c1b0dd86ae2"},{event:"viewCategory",item:google_tag_manager["GTM-MDB4F8D"].macro(323),category:"undefined",page_number:1});</script>


<iframe src="./Produce_Packaged_Produce_Salads_files/eps(22).html" style="display: none;"></iframe><script type="text/javascript" id="">var partner_code="cxbew",lifecycle="inte",src="//px.owneriq.net/stas/s/"+partner_code+".js",head=document.getElementsByTagName("head")[0],script=document.createElement("script");script.type="text/javascript";script.src=src;head.appendChild(script);window._oiqq=window._oiqq||[];window._oiqq.push(["oiq_addPageLifecycle",lifecycle]);window._oiqq.push(["oiq_doTag"]);</script><script type="text/javascript" async="" src="./Produce_Packaged_Produce_Salads_files/saved_resource(3)"></script><script type="text/javascript" id="">window.criteo_q=window.criteo_q||[];window.criteo_q.push({event:"setAccount",account:"49626"},{event:"setRetailerVisitorId",id:"9f8ba071-13e7-4d3b-a9fe-2c1b0dd86ae2"},{event:"setCustomerId",id:"9f8ba071-13e7-4d3b-a9fe-2c1b0dd86ae2"},{event:"viewCategory",item:google_tag_manager["GTM-MDB4F8D"].macro(335),category:"921",page_number:1});</script>


<iframe src="./Produce_Packaged_Produce_Salads_files/eps(23).html" style="display: none;"></iframe><script type="text/javascript" id="">var partner_code="cxbew",lifecycle="inte",src="//px.owneriq.net/stas/s/"+partner_code+".js",head=document.getElementsByTagName("head")[0],script=document.createElement("script");script.type="text/javascript";script.src=src;head.appendChild(script);window._oiqq=window._oiqq||[];window._oiqq.push(["oiq_addPageLifecycle",lifecycle]);window._oiqq.push(["oiq_doTag"]);</script><script type="text/javascript" async="" src="./Produce_Packaged_Produce_Salads_files/saved_resource(10)"></script><script type="text/javascript" id="">window.criteo_q=window.criteo_q||[];window.criteo_q.push({event:"setAccount",account:"49626"},{event:"setRetailerVisitorId",id:"9f8ba071-13e7-4d3b-a9fe-2c1b0dd86ae2"},{event:"setCustomerId",id:"9f8ba071-13e7-4d3b-a9fe-2c1b0dd86ae2"},{event:"viewCategory",item:google_tag_manager["GTM-MDB4F8D"].macro(347),category:"undefined",page_number:1});</script>


<iframe src="./Produce_Packaged_Produce_Salads_files/eps(24).html" style="display: none;"></iframe><script type="text/javascript" id="">var partner_code="cxbew",lifecycle="inte",src="//px.owneriq.net/stas/s/"+partner_code+".js",head=document.getElementsByTagName("head")[0],script=document.createElement("script");script.type="text/javascript";script.src=src;head.appendChild(script);window._oiqq=window._oiqq||[];window._oiqq.push(["oiq_addPageLifecycle",lifecycle]);window._oiqq.push(["oiq_doTag"]);</script><script type="text/javascript" async="" src="./Produce_Packaged_Produce_Salads_files/saved_resource(3)"></script><script type="text/javascript" id="">window.criteo_q=window.criteo_q||[];window.criteo_q.push({event:"setAccount",account:"49626"},{event:"setRetailerVisitorId",id:"9f8ba071-13e7-4d3b-a9fe-2c1b0dd86ae2"},{event:"setCustomerId",id:"9f8ba071-13e7-4d3b-a9fe-2c1b0dd86ae2"},{event:"viewCategory",item:google_tag_manager["GTM-MDB4F8D"].macro(359),category:"805",page_number:1});</script>


<iframe src="./Produce_Packaged_Produce_Salads_files/eps(25).html" style="display: none;"></iframe><script type="text/javascript" id="">var partner_code="cxbew",lifecycle="inte",src="//px.owneriq.net/stas/s/"+partner_code+".js",head=document.getElementsByTagName("head")[0],script=document.createElement("script");script.type="text/javascript";script.src=src;head.appendChild(script);window._oiqq=window._oiqq||[];window._oiqq.push(["oiq_addPageLifecycle",lifecycle]);window._oiqq.push(["oiq_doTag"]);</script><script type="text/javascript" async="" src="./Produce_Packaged_Produce_Salads_files/saved_resource(11)"></script><script type="text/javascript" id="">window.criteo_q=window.criteo_q||[];window.criteo_q.push({event:"setAccount",account:"49626"},{event:"setRetailerVisitorId",id:"9f8ba071-13e7-4d3b-a9fe-2c1b0dd86ae2"},{event:"setCustomerId",id:"9f8ba071-13e7-4d3b-a9fe-2c1b0dd86ae2"},{event:"viewCategory",item:google_tag_manager["GTM-MDB4F8D"].macro(371),category:"undefined",page_number:1});</script>


<iframe src="./Produce_Packaged_Produce_Salads_files/eps(26).html" style="display: none;"></iframe><script type="text/javascript" id="">var partner_code="cxbew",lifecycle="inte",src="//px.owneriq.net/stas/s/"+partner_code+".js",head=document.getElementsByTagName("head")[0],script=document.createElement("script");script.type="text/javascript";script.src=src;head.appendChild(script);window._oiqq=window._oiqq||[];window._oiqq.push(["oiq_addPageLifecycle",lifecycle]);window._oiqq.push(["oiq_doTag"]);</script><script type="text/javascript" async="" src="./Produce_Packaged_Produce_Salads_files/saved_resource(3)"></script><script type="text/javascript" id="">window.criteo_q=window.criteo_q||[];window.criteo_q.push({event:"setAccount",account:"49626"},{event:"setRetailerVisitorId",id:"9f8ba071-13e7-4d3b-a9fe-2c1b0dd86ae2"},{event:"setCustomerId",id:"9f8ba071-13e7-4d3b-a9fe-2c1b0dd86ae2"},{event:"viewCategory",item:google_tag_manager["GTM-MDB4F8D"].macro(383),category:"921",page_number:1});</script>


<iframe src="./Produce_Packaged_Produce_Salads_files/eps(27).html" style="display: none;"></iframe><script type="text/javascript" id="">var partner_code="cxbew",lifecycle="inte",src="//px.owneriq.net/stas/s/"+partner_code+".js",head=document.getElementsByTagName("head")[0],script=document.createElement("script");script.type="text/javascript";script.src=src;head.appendChild(script);window._oiqq=window._oiqq||[];window._oiqq.push(["oiq_addPageLifecycle",lifecycle]);window._oiqq.push(["oiq_doTag"]);</script><script type="text/javascript" async="" src="./Produce_Packaged_Produce_Salads_files/saved_resource(10)"></script><script type="text/javascript" id="">window.criteo_q=window.criteo_q||[];window.criteo_q.push({event:"setAccount",account:"49626"},{event:"setRetailerVisitorId",id:"9f8ba071-13e7-4d3b-a9fe-2c1b0dd86ae2"},{event:"setCustomerId",id:"9f8ba071-13e7-4d3b-a9fe-2c1b0dd86ae2"},{event:"viewCategory",item:google_tag_manager["GTM-MDB4F8D"].macro(395),category:"undefined",page_number:1});</script>


<iframe src="./Produce_Packaged_Produce_Salads_files/eps(28).html" style="display: none;"></iframe><script type="text/javascript" id="">var partner_code="cxbew",lifecycle="inte",src="//px.owneriq.net/stas/s/"+partner_code+".js",head=document.getElementsByTagName("head")[0],script=document.createElement("script");script.type="text/javascript";script.src=src;head.appendChild(script);window._oiqq=window._oiqq||[];window._oiqq.push(["oiq_addPageLifecycle",lifecycle]);window._oiqq.push(["oiq_doTag"]);</script><script type="text/javascript" async="" src="./Produce_Packaged_Produce_Salads_files/saved_resource(3)"></script><script type="text/javascript" id="">window.criteo_q=window.criteo_q||[];window.criteo_q.push({event:"setAccount",account:"49626"},{event:"setRetailerVisitorId",id:"9f8ba071-13e7-4d3b-a9fe-2c1b0dd86ae2"},{event:"setCustomerId",id:"9f8ba071-13e7-4d3b-a9fe-2c1b0dd86ae2"},{event:"viewCategory",item:google_tag_manager["GTM-MDB4F8D"].macro(407),category:"1633",page_number:1});</script>


<iframe src="./Produce_Packaged_Produce_Salads_files/eps(29).html" style="display: none;"></iframe><script type="text/javascript" id="">var partner_code="cxbew",lifecycle="inte",src="//px.owneriq.net/stas/s/"+partner_code+".js",head=document.getElementsByTagName("head")[0],script=document.createElement("script");script.type="text/javascript";script.src=src;head.appendChild(script);window._oiqq=window._oiqq||[];window._oiqq.push(["oiq_addPageLifecycle",lifecycle]);window._oiqq.push(["oiq_doTag"]);</script><script type="text/javascript" async="" src="./Produce_Packaged_Produce_Salads_files/saved_resource(9)"></script><script type="text/javascript" id="">window.criteo_q=window.criteo_q||[];window.criteo_q.push({event:"setAccount",account:"49626"},{event:"setRetailerVisitorId",id:"9f8ba071-13e7-4d3b-a9fe-2c1b0dd86ae2"},{event:"setCustomerId",id:"9f8ba071-13e7-4d3b-a9fe-2c1b0dd86ae2"},{event:"viewCategory",item:google_tag_manager["GTM-MDB4F8D"].macro(419),category:"undefined",page_number:1});</script>


<iframe src="./Produce_Packaged_Produce_Salads_files/eps(30).html" style="display: none;"></iframe><script type="text/javascript" id="">var partner_code="cxbew",lifecycle="inte",src="//px.owneriq.net/stas/s/"+partner_code+".js",head=document.getElementsByTagName("head")[0],script=document.createElement("script");script.type="text/javascript";script.src=src;head.appendChild(script);window._oiqq=window._oiqq||[];window._oiqq.push(["oiq_addPageLifecycle",lifecycle]);window._oiqq.push(["oiq_doTag"]);</script><script type="text/javascript" async="" src="./Produce_Packaged_Produce_Salads_files/saved_resource(3)"></script><script type="text/javascript" id="">window.criteo_q=window.criteo_q||[];window.criteo_q.push({event:"setAccount",account:"49626"},{event:"setRetailerVisitorId",id:"9f8ba071-13e7-4d3b-a9fe-2c1b0dd86ae2"},{event:"setCustomerId",id:"9f8ba071-13e7-4d3b-a9fe-2c1b0dd86ae2"},{event:"viewCategory",item:google_tag_manager["GTM-MDB4F8D"].macro(431),category:"1563",page_number:1});</script>


<iframe src="./Produce_Packaged_Produce_Salads_files/eps(31).html" style="display: none;"></iframe><script type="text/javascript" id="">var partner_code="cxbew",lifecycle="inte",src="//px.owneriq.net/stas/s/"+partner_code+".js",head=document.getElementsByTagName("head")[0],script=document.createElement("script");script.type="text/javascript";script.src=src;head.appendChild(script);window._oiqq=window._oiqq||[];window._oiqq.push(["oiq_addPageLifecycle",lifecycle]);window._oiqq.push(["oiq_doTag"]);</script><script type="text/javascript" async="" src="./Produce_Packaged_Produce_Salads_files/saved_resource(8)"></script><script type="text/javascript" id="">window.criteo_q=window.criteo_q||[];window.criteo_q.push({event:"setAccount",account:"49626"},{event:"setRetailerVisitorId",id:"9f8ba071-13e7-4d3b-a9fe-2c1b0dd86ae2"},{event:"setCustomerId",id:"9f8ba071-13e7-4d3b-a9fe-2c1b0dd86ae2"},{event:"viewCategory",item:google_tag_manager["GTM-MDB4F8D"].macro(443),category:"undefined",page_number:1});</script>


<iframe src="./Produce_Packaged_Produce_Salads_files/eps(32).html" style="display: none;"></iframe><script type="text/javascript" id="">var partner_code="cxbew",lifecycle="inte",src="//px.owneriq.net/stas/s/"+partner_code+".js",head=document.getElementsByTagName("head")[0],script=document.createElement("script");script.type="text/javascript";script.src=src;head.appendChild(script);window._oiqq=window._oiqq||[];window._oiqq.push(["oiq_addPageLifecycle",lifecycle]);window._oiqq.push(["oiq_doTag"]);</script><script type="text/javascript" async="" src="./Produce_Packaged_Produce_Salads_files/saved_resource(3)"></script><script type="text/javascript" id="">window.criteo_q=window.criteo_q||[];window.criteo_q.push({event:"setAccount",account:"49626"},{event:"setRetailerVisitorId",id:"9f8ba071-13e7-4d3b-a9fe-2c1b0dd86ae2"},{event:"setCustomerId",id:"9f8ba071-13e7-4d3b-a9fe-2c1b0dd86ae2"},{event:"viewCategory",item:google_tag_manager["GTM-MDB4F8D"].macro(455),category:"2098",page_number:1});</script>


<iframe src="./Produce_Packaged_Produce_Salads_files/eps(33).html" style="display: none;"></iframe><script type="text/javascript" id="">var partner_code="cxbew",lifecycle="inte",src="//px.owneriq.net/stas/s/"+partner_code+".js",head=document.getElementsByTagName("head")[0],script=document.createElement("script");script.type="text/javascript";script.src=src;head.appendChild(script);window._oiqq=window._oiqq||[];window._oiqq.push(["oiq_addPageLifecycle",lifecycle]);window._oiqq.push(["oiq_doTag"]);</script><script type="text/javascript" async="" src="./Produce_Packaged_Produce_Salads_files/saved_resource(1)"></script><script type="text/javascript" id="">window.criteo_q=window.criteo_q||[];window.criteo_q.push({event:"setAccount",account:"49626"},{event:"setRetailerVisitorId",id:"9f8ba071-13e7-4d3b-a9fe-2c1b0dd86ae2"},{event:"setCustomerId",id:"9f8ba071-13e7-4d3b-a9fe-2c1b0dd86ae2"},{event:"viewCategory",item:google_tag_manager["GTM-MDB4F8D"].macro(467),category:"undefined",page_number:1});</script>


<iframe src="./Produce_Packaged_Produce_Salads_files/eps(34).html" style="display: none;"></iframe><script type="text/javascript" id="">var partner_code="cxbew",lifecycle="inte",src="//px.owneriq.net/stas/s/"+partner_code+".js",head=document.getElementsByTagName("head")[0],script=document.createElement("script");script.type="text/javascript";script.src=src;head.appendChild(script);window._oiqq=window._oiqq||[];window._oiqq.push(["oiq_addPageLifecycle",lifecycle]);window._oiqq.push(["oiq_doTag"]);</script><script type="text/javascript" async="" src="./Produce_Packaged_Produce_Salads_files/saved_resource(3)"></script><script type="text/javascript" id="">window.criteo_q=window.criteo_q||[];window.criteo_q.push({event:"setAccount",account:"49626"},{event:"setRetailerVisitorId",id:"9f8ba071-13e7-4d3b-a9fe-2c1b0dd86ae2"},{event:"setCustomerId",id:"9f8ba071-13e7-4d3b-a9fe-2c1b0dd86ae2"},{event:"viewCategory",item:google_tag_manager["GTM-MDB4F8D"].macro(479),category:"365",page_number:1});</script>


<iframe src="./Produce_Packaged_Produce_Salads_files/eps(35).html" style="display: none;"></iframe><script type="text/javascript" id="">var partner_code="cxbew",lifecycle="inte",src="//px.owneriq.net/stas/s/"+partner_code+".js",head=document.getElementsByTagName("head")[0],script=document.createElement("script");script.type="text/javascript";script.src=src;head.appendChild(script);window._oiqq=window._oiqq||[];window._oiqq.push(["oiq_addPageLifecycle",lifecycle]);window._oiqq.push(["oiq_doTag"]);</script><script type="text/javascript" async="" src="./Produce_Packaged_Produce_Salads_files/saved_resource(12)"></script><script type="text/javascript" id="">window.criteo_q=window.criteo_q||[];window.criteo_q.push({event:"setAccount",account:"49626"},{event:"setRetailerVisitorId",id:"9f8ba071-13e7-4d3b-a9fe-2c1b0dd86ae2"},{event:"setCustomerId",id:"9f8ba071-13e7-4d3b-a9fe-2c1b0dd86ae2"},{event:"viewCategory",item:google_tag_manager["GTM-MDB4F8D"].macro(491),category:"undefined",page_number:1});</script>


<iframe src="./Produce_Packaged_Produce_Salads_files/eps(36).html" style="display: none;"></iframe><script type="text/javascript" id="">var partner_code="cxbew",lifecycle="inte",src="//px.owneriq.net/stas/s/"+partner_code+".js",head=document.getElementsByTagName("head")[0],script=document.createElement("script");script.type="text/javascript";script.src=src;head.appendChild(script);window._oiqq=window._oiqq||[];window._oiqq.push(["oiq_addPageLifecycle",lifecycle]);window._oiqq.push(["oiq_doTag"]);</script><script type="text/javascript" async="" src="./Produce_Packaged_Produce_Salads_files/saved_resource(3)"></script><script type="text/javascript" id="">window.criteo_q=window.criteo_q||[];window.criteo_q.push({event:"setAccount",account:"49626"},{event:"setRetailerVisitorId",id:"9f8ba071-13e7-4d3b-a9fe-2c1b0dd86ae2"},{event:"setCustomerId",id:"9f8ba071-13e7-4d3b-a9fe-2c1b0dd86ae2"},{event:"viewCategory",item:google_tag_manager["GTM-MDB4F8D"].macro(503),category:"85",page_number:1});</script>


<iframe src="./Produce_Packaged_Produce_Salads_files/eps(37).html" style="display: none;"></iframe><script type="text/javascript" id="">var partner_code="cxbew",lifecycle="inte",src="//px.owneriq.net/stas/s/"+partner_code+".js",head=document.getElementsByTagName("head")[0],script=document.createElement("script");script.type="text/javascript";script.src=src;head.appendChild(script);window._oiqq=window._oiqq||[];window._oiqq.push(["oiq_addPageLifecycle",lifecycle]);window._oiqq.push(["oiq_doTag"]);</script><script type="text/javascript" async="" src="./Produce_Packaged_Produce_Salads_files/saved_resource(13)"></script><script type="text/javascript" id="">window.criteo_q=window.criteo_q||[];window.criteo_q.push({event:"setAccount",account:"49626"},{event:"setRetailerVisitorId",id:"9f8ba071-13e7-4d3b-a9fe-2c1b0dd86ae2"},{event:"setCustomerId",id:"9f8ba071-13e7-4d3b-a9fe-2c1b0dd86ae2"},{event:"viewCategory",item:google_tag_manager["GTM-MDB4F8D"].macro(515),category:"undefined",page_number:1});</script>


<iframe src="./Produce_Packaged_Produce_Salads_files/eps(38).html" style="display: none;"></iframe><script type="text/javascript" id="">var partner_code="cxbew",lifecycle="inte",src="//px.owneriq.net/stas/s/"+partner_code+".js",head=document.getElementsByTagName("head")[0],script=document.createElement("script");script.type="text/javascript";script.src=src;head.appendChild(script);window._oiqq=window._oiqq||[];window._oiqq.push(["oiq_addPageLifecycle",lifecycle]);window._oiqq.push(["oiq_doTag"]);</script><script type="text/javascript" async="" src="./Produce_Packaged_Produce_Salads_files/saved_resource(3)"></script><script type="text/javascript" id="">window.criteo_q=window.criteo_q||[];window.criteo_q.push({event:"setAccount",account:"49626"},{event:"setRetailerVisitorId",id:"9f8ba071-13e7-4d3b-a9fe-2c1b0dd86ae2"},{event:"setCustomerId",id:"9f8ba071-13e7-4d3b-a9fe-2c1b0dd86ae2"},{event:"viewCategory",item:google_tag_manager["GTM-MDB4F8D"].macro(527),category:"995",page_number:1});</script>


<iframe src="./Produce_Packaged_Produce_Salads_files/eps(39).html" style="display: none;"></iframe><script type="text/javascript" id="">var partner_code="cxbew",lifecycle="inte",src="//px.owneriq.net/stas/s/"+partner_code+".js",head=document.getElementsByTagName("head")[0],script=document.createElement("script");script.type="text/javascript";script.src=src;head.appendChild(script);window._oiqq=window._oiqq||[];window._oiqq.push(["oiq_addPageLifecycle",lifecycle]);window._oiqq.push(["oiq_doTag"]);</script><script type="text/javascript" async="" src="./Produce_Packaged_Produce_Salads_files/saved_resource(14)"></script><script type="text/javascript" id="">window.criteo_q=window.criteo_q||[];window.criteo_q.push({event:"setAccount",account:"49626"},{event:"setRetailerVisitorId",id:"9f8ba071-13e7-4d3b-a9fe-2c1b0dd86ae2"},{event:"setCustomerId",id:"9f8ba071-13e7-4d3b-a9fe-2c1b0dd86ae2"},{event:"viewCategory",item:google_tag_manager["GTM-MDB4F8D"].macro(539),category:"undefined",page_number:1});</script>


<iframe src="./Produce_Packaged_Produce_Salads_files/eps(40).html" style="display: none;"></iframe><script type="text/javascript" id="">var partner_code="cxbew",lifecycle="inte",src="//px.owneriq.net/stas/s/"+partner_code+".js",head=document.getElementsByTagName("head")[0],script=document.createElement("script");script.type="text/javascript";script.src=src;head.appendChild(script);window._oiqq=window._oiqq||[];window._oiqq.push(["oiq_addPageLifecycle",lifecycle]);window._oiqq.push(["oiq_doTag"]);</script><script type="text/javascript" async="" src="./Produce_Packaged_Produce_Salads_files/saved_resource(3)"></script><script type="text/javascript" id="">window.criteo_q=window.criteo_q||[];window.criteo_q.push({event:"setAccount",account:"49626"},{event:"setRetailerVisitorId",id:"9f8ba071-13e7-4d3b-a9fe-2c1b0dd86ae2"},{event:"setCustomerId",id:"9f8ba071-13e7-4d3b-a9fe-2c1b0dd86ae2"},{event:"viewCategory",item:google_tag_manager["GTM-MDB4F8D"].macro(551),category:"1066",page_number:1});</script>


<iframe src="./Produce_Packaged_Produce_Salads_files/eps(41).html" style="display: none;"></iframe><script type="text/javascript" id="">var partner_code="cxbew",lifecycle="inte",src="//px.owneriq.net/stas/s/"+partner_code+".js",head=document.getElementsByTagName("head")[0],script=document.createElement("script");script.type="text/javascript";script.src=src;head.appendChild(script);window._oiqq=window._oiqq||[];window._oiqq.push(["oiq_addPageLifecycle",lifecycle]);window._oiqq.push(["oiq_doTag"]);</script><script type="text/javascript" async="" src="./Produce_Packaged_Produce_Salads_files/saved_resource(15)"></script><script type="text/javascript" id="">window.criteo_q=window.criteo_q||[];window.criteo_q.push({event:"setAccount",account:"49626"},{event:"setRetailerVisitorId",id:"9f8ba071-13e7-4d3b-a9fe-2c1b0dd86ae2"},{event:"setCustomerId",id:"9f8ba071-13e7-4d3b-a9fe-2c1b0dd86ae2"},{event:"viewCategory",item:google_tag_manager["GTM-MDB4F8D"].macro(563),category:"undefined",page_number:1});</script>


<iframe src="./Produce_Packaged_Produce_Salads_files/eps(42).html" style="display: none;"></iframe><script type="text/javascript" id="">var partner_code="cxbew",lifecycle="inte",src="//px.owneriq.net/stas/s/"+partner_code+".js",head=document.getElementsByTagName("head")[0],script=document.createElement("script");script.type="text/javascript";script.src=src;head.appendChild(script);window._oiqq=window._oiqq||[];window._oiqq.push(["oiq_addPageLifecycle",lifecycle]);window._oiqq.push(["oiq_doTag"]);</script><script type="text/javascript" async="" src="./Produce_Packaged_Produce_Salads_files/saved_resource(3)"></script><script type="text/javascript" id="">window.criteo_q=window.criteo_q||[];window.criteo_q.push({event:"setAccount",account:"49626"},{event:"setRetailerVisitorId",id:"9f8ba071-13e7-4d3b-a9fe-2c1b0dd86ae2"},{event:"setCustomerId",id:"9f8ba071-13e7-4d3b-a9fe-2c1b0dd86ae2"},{event:"viewCategory",item:google_tag_manager["GTM-MDB4F8D"].macro(575),category:"166",page_number:1});</script>


<iframe src="./Produce_Packaged_Produce_Salads_files/eps(43).html" style="display: none;"></iframe><script type="text/javascript" id="">var partner_code="cxbew",lifecycle="inte",src="//px.owneriq.net/stas/s/"+partner_code+".js",head=document.getElementsByTagName("head")[0],script=document.createElement("script");script.type="text/javascript";script.src=src;head.appendChild(script);window._oiqq=window._oiqq||[];window._oiqq.push(["oiq_addPageLifecycle",lifecycle]);window._oiqq.push(["oiq_doTag"]);</script><script type="text/javascript" async="" src="./Produce_Packaged_Produce_Salads_files/saved_resource(16)"></script><script type="text/javascript" id="">window.criteo_q=window.criteo_q||[];window.criteo_q.push({event:"setAccount",account:"49626"},{event:"setRetailerVisitorId",id:"9f8ba071-13e7-4d3b-a9fe-2c1b0dd86ae2"},{event:"setCustomerId",id:"9f8ba071-13e7-4d3b-a9fe-2c1b0dd86ae2"},{event:"viewCategory",item:google_tag_manager["GTM-MDB4F8D"].macro(587),category:"undefined",page_number:1});</script>


<iframe src="./Produce_Packaged_Produce_Salads_files/eps(44).html" style="display: none;"></iframe><script type="text/javascript" id="">var partner_code="cxbew",lifecycle="inte",src="//px.owneriq.net/stas/s/"+partner_code+".js",head=document.getElementsByTagName("head")[0],script=document.createElement("script");script.type="text/javascript";script.src=src;head.appendChild(script);window._oiqq=window._oiqq||[];window._oiqq.push(["oiq_addPageLifecycle",lifecycle]);window._oiqq.push(["oiq_doTag"]);</script><script type="text/javascript" async="" src="./Produce_Packaged_Produce_Salads_files/saved_resource(3)"></script><script type="text/javascript" id="">window.criteo_q=window.criteo_q||[];window.criteo_q.push({event:"setAccount",account:"49626"},{event:"setRetailerVisitorId",id:"9f8ba071-13e7-4d3b-a9fe-2c1b0dd86ae2"},{event:"setCustomerId",id:"9f8ba071-13e7-4d3b-a9fe-2c1b0dd86ae2"},{event:"viewCategory",item:google_tag_manager["GTM-MDB4F8D"].macro(599),category:"569",page_number:1});</script>


<iframe src="./Produce_Packaged_Produce_Salads_files/eps(45).html" style="display: none;"></iframe><script type="text/javascript" id="">var partner_code="cxbew",lifecycle="inte",src="//px.owneriq.net/stas/s/"+partner_code+".js",head=document.getElementsByTagName("head")[0],script=document.createElement("script");script.type="text/javascript";script.src=src;head.appendChild(script);window._oiqq=window._oiqq||[];window._oiqq.push(["oiq_addPageLifecycle",lifecycle]);window._oiqq.push(["oiq_doTag"]);</script><script type="text/javascript" async="" src="./Produce_Packaged_Produce_Salads_files/saved_resource(17)"></script><script type="text/javascript" id="">window.criteo_q=window.criteo_q||[];window.criteo_q.push({event:"setAccount",account:"49626"},{event:"setRetailerVisitorId",id:"9f8ba071-13e7-4d3b-a9fe-2c1b0dd86ae2"},{event:"setCustomerId",id:"9f8ba071-13e7-4d3b-a9fe-2c1b0dd86ae2"},{event:"viewCategory",item:google_tag_manager["GTM-MDB4F8D"].macro(611),category:"undefined",page_number:1});</script>


<iframe src="./Produce_Packaged_Produce_Salads_files/eps(46).html" style="display: none;"></iframe><script type="text/javascript" id="">var partner_code="cxbew",lifecycle="inte",src="//px.owneriq.net/stas/s/"+partner_code+".js",head=document.getElementsByTagName("head")[0],script=document.createElement("script");script.type="text/javascript";script.src=src;head.appendChild(script);window._oiqq=window._oiqq||[];window._oiqq.push(["oiq_addPageLifecycle",lifecycle]);window._oiqq.push(["oiq_doTag"]);</script><script type="text/javascript" async="" src="./Produce_Packaged_Produce_Salads_files/saved_resource(3)"></script><script type="text/javascript" id="">window.criteo_q=window.criteo_q||[];window.criteo_q.push({event:"setAccount",account:"49626"},{event:"setRetailerVisitorId",id:"9f8ba071-13e7-4d3b-a9fe-2c1b0dd86ae2"},{event:"setCustomerId",id:"9f8ba071-13e7-4d3b-a9fe-2c1b0dd86ae2"},{event:"viewCategory",item:google_tag_manager["GTM-MDB4F8D"].macro(623),category:"2708",page_number:1});</script>


<iframe src="./Produce_Packaged_Produce_Salads_files/eps(47).html" style="display: none;"></iframe><script type="text/javascript" id="">var partner_code="cxbew",lifecycle="inte",src="//px.owneriq.net/stas/s/"+partner_code+".js",head=document.getElementsByTagName("head")[0],script=document.createElement("script");script.type="text/javascript";script.src=src;head.appendChild(script);window._oiqq=window._oiqq||[];window._oiqq.push(["oiq_addPageLifecycle",lifecycle]);window._oiqq.push(["oiq_doTag"]);</script><script type="text/javascript" async="" src="./Produce_Packaged_Produce_Salads_files/saved_resource(18)"></script><script type="text/javascript" id="">window.criteo_q=window.criteo_q||[];window.criteo_q.push({event:"setAccount",account:"49626"},{event:"setRetailerVisitorId",id:"9f8ba071-13e7-4d3b-a9fe-2c1b0dd86ae2"},{event:"setCustomerId",id:"9f8ba071-13e7-4d3b-a9fe-2c1b0dd86ae2"},{event:"viewCategory",item:google_tag_manager["GTM-MDB4F8D"].macro(635),category:"undefined",page_number:1});</script>


<iframe src="./Produce_Packaged_Produce_Salads_files/eps(48).html" style="display: none;"></iframe><script type="text/javascript" id="">var partner_code="cxbew",lifecycle="inte",src="//px.owneriq.net/stas/s/"+partner_code+".js",head=document.getElementsByTagName("head")[0],script=document.createElement("script");script.type="text/javascript";script.src=src;head.appendChild(script);window._oiqq=window._oiqq||[];window._oiqq.push(["oiq_addPageLifecycle",lifecycle]);window._oiqq.push(["oiq_doTag"]);</script><script type="text/javascript" async="" src="./Produce_Packaged_Produce_Salads_files/saved_resource(3)"></script><script type="text/javascript" id="">window.criteo_q=window.criteo_q||[];window.criteo_q.push({event:"setAccount",account:"49626"},{event:"setRetailerVisitorId",id:"9f8ba071-13e7-4d3b-a9fe-2c1b0dd86ae2"},{event:"setCustomerId",id:"9f8ba071-13e7-4d3b-a9fe-2c1b0dd86ae2"},{event:"viewCategory",item:google_tag_manager["GTM-MDB4F8D"].macro(647),category:"2543",page_number:1});</script>


<iframe src="./Produce_Packaged_Produce_Salads_files/eps(49).html" style="display: none;"></iframe><script type="text/javascript" id="">var partner_code="cxbew",lifecycle="inte",src="//px.owneriq.net/stas/s/"+partner_code+".js",head=document.getElementsByTagName("head")[0],script=document.createElement("script");script.type="text/javascript";script.src=src;head.appendChild(script);window._oiqq=window._oiqq||[];window._oiqq.push(["oiq_addPageLifecycle",lifecycle]);window._oiqq.push(["oiq_doTag"]);</script><script type="text/javascript" async="" src="./Produce_Packaged_Produce_Salads_files/saved_resource(19)"></script><script type="text/javascript" id="">window.criteo_q=window.criteo_q||[];window.criteo_q.push({event:"setAccount",account:"49626"},{event:"setRetailerVisitorId",id:"9f8ba071-13e7-4d3b-a9fe-2c1b0dd86ae2"},{event:"setCustomerId",id:"9f8ba071-13e7-4d3b-a9fe-2c1b0dd86ae2"},{event:"viewCategory",item:google_tag_manager["GTM-MDB4F8D"].macro(659),category:"undefined",page_number:1});</script>


<iframe src="./Produce_Packaged_Produce_Salads_files/eps(50).html" style="display: none;"></iframe><script type="text/javascript" id="">var partner_code="cxbew",lifecycle="inte",src="//px.owneriq.net/stas/s/"+partner_code+".js",head=document.getElementsByTagName("head")[0],script=document.createElement("script");script.type="text/javascript";script.src=src;head.appendChild(script);window._oiqq=window._oiqq||[];window._oiqq.push(["oiq_addPageLifecycle",lifecycle]);window._oiqq.push(["oiq_doTag"]);</script><script type="text/javascript" async="" src="./Produce_Packaged_Produce_Salads_files/saved_resource(3)"></script><script type="text/javascript" id="">window.criteo_q=window.criteo_q||[];window.criteo_q.push({event:"setAccount",account:"49626"},{event:"setRetailerVisitorId",id:"9f8ba071-13e7-4d3b-a9fe-2c1b0dd86ae2"},{event:"setCustomerId",id:"9f8ba071-13e7-4d3b-a9fe-2c1b0dd86ae2"},{event:"viewCategory",item:google_tag_manager["GTM-MDB4F8D"].macro(671),category:"530",page_number:1});</script>


<iframe src="./Produce_Packaged_Produce_Salads_files/eps(51).html" style="display: none;"></iframe><script type="text/javascript" id="">var partner_code="cxbew",lifecycle="inte",src="//px.owneriq.net/stas/s/"+partner_code+".js",head=document.getElementsByTagName("head")[0],script=document.createElement("script");script.type="text/javascript";script.src=src;head.appendChild(script);window._oiqq=window._oiqq||[];window._oiqq.push(["oiq_addPageLifecycle",lifecycle]);window._oiqq.push(["oiq_doTag"]);</script><script type="text/javascript" async="" src="./Produce_Packaged_Produce_Salads_files/saved_resource(20)"></script><script type="text/javascript" id="">window.criteo_q=window.criteo_q||[];window.criteo_q.push({event:"setAccount",account:"49626"},{event:"setRetailerVisitorId",id:"9f8ba071-13e7-4d3b-a9fe-2c1b0dd86ae2"},{event:"setCustomerId",id:"9f8ba071-13e7-4d3b-a9fe-2c1b0dd86ae2"},{event:"viewCategory",item:google_tag_manager["GTM-MDB4F8D"].macro(683),category:"undefined",page_number:1});</script>


<iframe src="./Produce_Packaged_Produce_Salads_files/eps(52).html" style="display: none;"></iframe><script type="text/javascript" id="">var partner_code="cxbew",lifecycle="inte",src="//px.owneriq.net/stas/s/"+partner_code+".js",head=document.getElementsByTagName("head")[0],script=document.createElement("script");script.type="text/javascript";script.src=src;head.appendChild(script);window._oiqq=window._oiqq||[];window._oiqq.push(["oiq_addPageLifecycle",lifecycle]);window._oiqq.push(["oiq_doTag"]);</script><script type="text/javascript" async="" src="./Produce_Packaged_Produce_Salads_files/saved_resource(3)"></script><script type="text/javascript" id="">window.criteo_q=window.criteo_q||[];window.criteo_q.push({event:"setAccount",account:"49626"},{event:"setRetailerVisitorId",id:"9f8ba071-13e7-4d3b-a9fe-2c1b0dd86ae2"},{event:"setCustomerId",id:"9f8ba071-13e7-4d3b-a9fe-2c1b0dd86ae2"},{event:"viewCategory",item:google_tag_manager["GTM-MDB4F8D"].macro(695),category:"2098",page_number:1});</script>


<iframe src="./Produce_Packaged_Produce_Salads_files/eps(53).html" style="display: none;"></iframe><script type="text/javascript" id="">var partner_code="cxbew",lifecycle="inte",src="//px.owneriq.net/stas/s/"+partner_code+".js",head=document.getElementsByTagName("head")[0],script=document.createElement("script");script.type="text/javascript";script.src=src;head.appendChild(script);window._oiqq=window._oiqq||[];window._oiqq.push(["oiq_addPageLifecycle",lifecycle]);window._oiqq.push(["oiq_doTag"]);</script><script type="text/javascript" async="" src="./Produce_Packaged_Produce_Salads_files/saved_resource(1)"></script><script type="text/javascript" id="">window.criteo_q=window.criteo_q||[];window.criteo_q.push({event:"setAccount",account:"49626"},{event:"setRetailerVisitorId",id:"9f8ba071-13e7-4d3b-a9fe-2c1b0dd86ae2"},{event:"setCustomerId",id:"9f8ba071-13e7-4d3b-a9fe-2c1b0dd86ae2"},{event:"viewCategory",item:google_tag_manager["GTM-MDB4F8D"].macro(707),category:"2098",page_number:1});</script>


<iframe src="./Produce_Packaged_Produce_Salads_files/eps(54).html" style="display: none;"></iframe><script type="text/javascript" id="">var partner_code="cxbew",lifecycle="inte",src="//px.owneriq.net/stas/s/"+partner_code+".js",head=document.getElementsByTagName("head")[0],script=document.createElement("script");script.type="text/javascript";script.src=src;head.appendChild(script);window._oiqq=window._oiqq||[];window._oiqq.push(["oiq_addPageLifecycle",lifecycle]);window._oiqq.push(["oiq_doTag"]);</script><script type="text/javascript" async="" src="./Produce_Packaged_Produce_Salads_files/saved_resource(1)"></script><script type="text/javascript" id="">window.criteo_q=window.criteo_q||[];window.criteo_q.push({event:"setAccount",account:"49626"},{event:"setRetailerVisitorId",id:"9f8ba071-13e7-4d3b-a9fe-2c1b0dd86ae2"},{event:"setCustomerId",id:"9f8ba071-13e7-4d3b-a9fe-2c1b0dd86ae2"},{event:"viewCategory",item:google_tag_manager["GTM-MDB4F8D"].macro(719),category:"2155",page_number:1});</script>


<iframe src="./Produce_Packaged_Produce_Salads_files/eps(55).html" style="display: none;"></iframe><script type="text/javascript" id="">var partner_code="cxbew",lifecycle="inte",src="//px.owneriq.net/stas/s/"+partner_code+".js",head=document.getElementsByTagName("head")[0],script=document.createElement("script");script.type="text/javascript";script.src=src;head.appendChild(script);window._oiqq=window._oiqq||[];window._oiqq.push(["oiq_addPageLifecycle",lifecycle]);window._oiqq.push(["oiq_doTag"]);</script><script type="text/javascript" async="" src="./Produce_Packaged_Produce_Salads_files/saved_resource(2)"></script><script type="text/javascript" id="">window.criteo_q=window.criteo_q||[];window.criteo_q.push({event:"setAccount",account:"49626"},{event:"setRetailerVisitorId",id:"9f8ba071-13e7-4d3b-a9fe-2c1b0dd86ae2"},{event:"setCustomerId",id:"9f8ba071-13e7-4d3b-a9fe-2c1b0dd86ae2"},{event:"viewCategory",item:google_tag_manager["GTM-MDB4F8D"].macro(731),category:"2098",page_number:1});</script>


<iframe src="./Produce_Packaged_Produce_Salads_files/eps(56).html" style="display: none;"></iframe><script type="text/javascript" id="">var partner_code="cxbew",lifecycle="inte",src="//px.owneriq.net/stas/s/"+partner_code+".js",head=document.getElementsByTagName("head")[0],script=document.createElement("script");script.type="text/javascript";script.src=src;head.appendChild(script);window._oiqq=window._oiqq||[];window._oiqq.push(["oiq_addPageLifecycle",lifecycle]);window._oiqq.push(["oiq_doTag"]);</script><script type="text/javascript" async="" src="./Produce_Packaged_Produce_Salads_files/saved_resource(1)"></script><script type="text/javascript" id="">window.criteo_q=window.criteo_q||[];window.criteo_q.push({event:"setAccount",account:"49626"},{event:"setRetailerVisitorId",id:"9f8ba071-13e7-4d3b-a9fe-2c1b0dd86ae2"},{event:"setCustomerId",id:"9f8ba071-13e7-4d3b-a9fe-2c1b0dd86ae2"},{event:"viewCategory",item:google_tag_manager["GTM-MDB4F8D"].macro(743),category:"2334",page_number:1});</script>


<iframe src="./Produce_Packaged_Produce_Salads_files/eps(57).html" style="display: none;"></iframe><script type="text/javascript" id="">var partner_code="cxbew",lifecycle="inte",src="//px.owneriq.net/stas/s/"+partner_code+".js",head=document.getElementsByTagName("head")[0],script=document.createElement("script");script.type="text/javascript";script.src=src;head.appendChild(script);window._oiqq=window._oiqq||[];window._oiqq.push(["oiq_addPageLifecycle",lifecycle]);window._oiqq.push(["oiq_doTag"]);</script><script type="text/javascript" async="" src="./Produce_Packaged_Produce_Salads_files/saved_resource(4)"></script><script type="text/javascript" id="">window.criteo_q=window.criteo_q||[];window.criteo_q.push({event:"setAccount",account:"49626"},{event:"setRetailerVisitorId",id:"9f8ba071-13e7-4d3b-a9fe-2c1b0dd86ae2"},{event:"setCustomerId",id:"9f8ba071-13e7-4d3b-a9fe-2c1b0dd86ae2"},{event:"viewCategory",item:google_tag_manager["GTM-MDB4F8D"].macro(755),category:"2098",page_number:1});</script>


<iframe src="./Produce_Packaged_Produce_Salads_files/eps(58).html" style="display: none;"></iframe><script type="text/javascript" id="">var partner_code="cxbew",lifecycle="inte",src="//px.owneriq.net/stas/s/"+partner_code+".js",head=document.getElementsByTagName("head")[0],script=document.createElement("script");script.type="text/javascript";script.src=src;head.appendChild(script);window._oiqq=window._oiqq||[];window._oiqq.push(["oiq_addPageLifecycle",lifecycle]);window._oiqq.push(["oiq_doTag"]);</script><script type="text/javascript" async="" src="./Produce_Packaged_Produce_Salads_files/saved_resource(1)"></script><script type="text/javascript" id="">window.criteo_q=window.criteo_q||[];window.criteo_q.push({event:"setAccount",account:"49626"},{event:"setRetailerVisitorId",id:"9f8ba071-13e7-4d3b-a9fe-2c1b0dd86ae2"},{event:"setCustomerId",id:"9f8ba071-13e7-4d3b-a9fe-2c1b0dd86ae2"},{event:"viewCategory",item:google_tag_manager["GTM-MDB4F8D"].macro(767),category:"2106",page_number:1});</script>


<iframe src="./Produce_Packaged_Produce_Salads_files/eps(59).html" style="display: none;"></iframe><script type="text/javascript" id="">var partner_code="cxbew",lifecycle="inte",src="//px.owneriq.net/stas/s/"+partner_code+".js",head=document.getElementsByTagName("head")[0],script=document.createElement("script");script.type="text/javascript";script.src=src;head.appendChild(script);window._oiqq=window._oiqq||[];window._oiqq.push(["oiq_addPageLifecycle",lifecycle]);window._oiqq.push(["oiq_doTag"]);</script><script type="text/javascript" async="" src="./Produce_Packaged_Produce_Salads_files/saved_resource(5)"></script><script type="text/javascript" id="">window.criteo_q=window.criteo_q||[];window.criteo_q.push({event:"setAccount",account:"49626"},{event:"setRetailerVisitorId",id:"9f8ba071-13e7-4d3b-a9fe-2c1b0dd86ae2"},{event:"setCustomerId",id:"9f8ba071-13e7-4d3b-a9fe-2c1b0dd86ae2"},{event:"viewCategory",item:google_tag_manager["GTM-MDB4F8D"].macro(779),category:"2098",page_number:1});</script>


<iframe src="./Produce_Packaged_Produce_Salads_files/eps(60).html" style="display: none;"></iframe><script type="text/javascript" id="">var partner_code="cxbew",lifecycle="inte",src="//px.owneriq.net/stas/s/"+partner_code+".js",head=document.getElementsByTagName("head")[0],script=document.createElement("script");script.type="text/javascript";script.src=src;head.appendChild(script);window._oiqq=window._oiqq||[];window._oiqq.push(["oiq_addPageLifecycle",lifecycle]);window._oiqq.push(["oiq_doTag"]);</script><script type="text/javascript" async="" src="./Produce_Packaged_Produce_Salads_files/saved_resource(1)"></script><script type="text/javascript" id="">window.criteo_q=window.criteo_q||[];window.criteo_q.push({event:"setAccount",account:"49626"},{event:"setRetailerVisitorId",id:"9f8ba071-13e7-4d3b-a9fe-2c1b0dd86ae2"},{event:"setCustomerId",id:"9f8ba071-13e7-4d3b-a9fe-2c1b0dd86ae2"},{event:"viewCategory",item:google_tag_manager["GTM-MDB4F8D"].macro(791),category:"3695",page_number:1});</script>


<iframe src="./Produce_Packaged_Produce_Salads_files/eps(61).html" style="display: none;"></iframe><script type="text/javascript" id="">var partner_code="cxbew",lifecycle="inte",src="//px.owneriq.net/stas/s/"+partner_code+".js",head=document.getElementsByTagName("head")[0],script=document.createElement("script");script.type="text/javascript";script.src=src;head.appendChild(script);window._oiqq=window._oiqq||[];window._oiqq.push(["oiq_addPageLifecycle",lifecycle]);window._oiqq.push(["oiq_doTag"]);</script><script type="text/javascript" async="" src="./Produce_Packaged_Produce_Salads_files/saved_resource(21)"></script><script type="text/javascript" id="">window.criteo_q=window.criteo_q||[];window.criteo_q.push({event:"setAccount",account:"49626"},{event:"setRetailerVisitorId",id:"9f8ba071-13e7-4d3b-a9fe-2c1b0dd86ae2"},{event:"setCustomerId",id:"9f8ba071-13e7-4d3b-a9fe-2c1b0dd86ae2"},{event:"viewCategory",item:google_tag_manager["GTM-MDB4F8D"].macro(803),category:"2098",page_number:1});</script>


<iframe src="./Produce_Packaged_Produce_Salads_files/eps(62).html" style="display: none;"></iframe><script type="text/javascript" id="">var partner_code="cxbew",lifecycle="inte",src="//px.owneriq.net/stas/s/"+partner_code+".js",head=document.getElementsByTagName("head")[0],script=document.createElement("script");script.type="text/javascript";script.src=src;head.appendChild(script);window._oiqq=window._oiqq||[];window._oiqq.push(["oiq_addPageLifecycle",lifecycle]);window._oiqq.push(["oiq_doTag"]);</script><script type="text/javascript" async="" src="./Produce_Packaged_Produce_Salads_files/saved_resource(1)"></script><script type="text/javascript" id="">window.criteo_q=window.criteo_q||[];window.criteo_q.push({event:"setAccount",account:"49626"},{event:"setRetailerVisitorId",id:"9f8ba071-13e7-4d3b-a9fe-2c1b0dd86ae2"},{event:"setCustomerId",id:"9f8ba071-13e7-4d3b-a9fe-2c1b0dd86ae2"},{event:"viewCategory",item:google_tag_manager["GTM-MDB4F8D"].macro(815),category:"3525",page_number:1});</script>


<iframe src="./Produce_Packaged_Produce_Salads_files/eps(63).html" style="display: none;"></iframe><script type="text/javascript" id="">var partner_code="cxbew",lifecycle="inte",src="//px.owneriq.net/stas/s/"+partner_code+".js",head=document.getElementsByTagName("head")[0],script=document.createElement("script");script.type="text/javascript";script.src=src;head.appendChild(script);window._oiqq=window._oiqq||[];window._oiqq.push(["oiq_addPageLifecycle",lifecycle]);window._oiqq.push(["oiq_doTag"]);</script><script type="text/javascript" async="" src="./Produce_Packaged_Produce_Salads_files/saved_resource(6)"></script><script type="text/javascript" id="">window.criteo_q=window.criteo_q||[];window.criteo_q.push({event:"setAccount",account:"49626"},{event:"setRetailerVisitorId",id:"9f8ba071-13e7-4d3b-a9fe-2c1b0dd86ae2"},{event:"setCustomerId",id:"9f8ba071-13e7-4d3b-a9fe-2c1b0dd86ae2"},{event:"viewCategory",item:google_tag_manager["GTM-MDB4F8D"].macro(827),category:"2098",page_number:1});</script>


<iframe src="./Produce_Packaged_Produce_Salads_files/eps(64).html" style="display: none;"></iframe><script type="text/javascript" id="">var partner_code="cxbew",lifecycle="inte",src="//px.owneriq.net/stas/s/"+partner_code+".js",head=document.getElementsByTagName("head")[0],script=document.createElement("script");script.type="text/javascript";script.src=src;head.appendChild(script);window._oiqq=window._oiqq||[];window._oiqq.push(["oiq_addPageLifecycle",lifecycle]);window._oiqq.push(["oiq_doTag"]);</script><script type="text/javascript" async="" src="./Produce_Packaged_Produce_Salads_files/saved_resource(1)"></script><script type="text/javascript" id="">window.criteo_q=window.criteo_q||[];window.criteo_q.push({event:"setAccount",account:"49626"},{event:"setRetailerVisitorId",id:"9f8ba071-13e7-4d3b-a9fe-2c1b0dd86ae2"},{event:"setCustomerId",id:"9f8ba071-13e7-4d3b-a9fe-2c1b0dd86ae2"},{event:"viewCategory",item:google_tag_manager["GTM-MDB4F8D"].macro(839),category:"3695",page_number:1});</script>


<iframe src="./Produce_Packaged_Produce_Salads_files/eps(65).html" style="display: none;"></iframe><script type="text/javascript" id="">var partner_code="cxbew",lifecycle="inte",src="//px.owneriq.net/stas/s/"+partner_code+".js",head=document.getElementsByTagName("head")[0],script=document.createElement("script");script.type="text/javascript";script.src=src;head.appendChild(script);window._oiqq=window._oiqq||[];window._oiqq.push(["oiq_addPageLifecycle",lifecycle]);window._oiqq.push(["oiq_doTag"]);</script><script type="text/javascript" async="" src="./Produce_Packaged_Produce_Salads_files/saved_resource(21)"></script><script type="text/javascript" id="">window.criteo_q=window.criteo_q||[];window.criteo_q.push({event:"setAccount",account:"49626"},{event:"setRetailerVisitorId",id:"9f8ba071-13e7-4d3b-a9fe-2c1b0dd86ae2"},{event:"setCustomerId",id:"9f8ba071-13e7-4d3b-a9fe-2c1b0dd86ae2"},{event:"viewCategory",item:google_tag_manager["GTM-MDB4F8D"].macro(851),category:"2098",page_number:1});</script>


<iframe src="./Produce_Packaged_Produce_Salads_files/eps(66).html" style="display: none;"></iframe><script type="text/javascript" id="">var partner_code="cxbew",lifecycle="inte",src="//px.owneriq.net/stas/s/"+partner_code+".js",head=document.getElementsByTagName("head")[0],script=document.createElement("script");script.type="text/javascript";script.src=src;head.appendChild(script);window._oiqq=window._oiqq||[];window._oiqq.push(["oiq_addPageLifecycle",lifecycle]);window._oiqq.push(["oiq_doTag"]);</script><script type="text/javascript" async="" src="./Produce_Packaged_Produce_Salads_files/saved_resource(1)"></script><script type="text/javascript" id="">window.criteo_q=window.criteo_q||[];window.criteo_q.push({event:"setAccount",account:"49626"},{event:"setRetailerVisitorId",id:"9f8ba071-13e7-4d3b-a9fe-2c1b0dd86ae2"},{event:"setCustomerId",id:"9f8ba071-13e7-4d3b-a9fe-2c1b0dd86ae2"},{event:"viewCategory",item:google_tag_manager["GTM-MDB4F8D"].macro(863),category:"2275",page_number:1});</script>


<iframe src="./Produce_Packaged_Produce_Salads_files/eps(67).html" style="display: none;"></iframe></body><iframe id="kx-proxy-r5kol0qtp" src="./Produce_Packaged_Produce_Salads_files/proxy.3d2100fd7107262ecb55ce6847f01fa5.html" style="display: none; visibility: hidden; height: 0; width: 0;"></iframe></html>