<!DOCTYPE html>
<!-- saved from url=(0080)https://www.peapod.com/browse-aisles/categories/1/categories/2543/select/organic -->
<html route-focus-delegator="" route-focus-init="" lang="en" ng-app="userApp" class="wf-proximanova-n4-active wf-proximanovasemiboldit-n4-active wf-proximanovaregularit-n4-active wf-active" tabindex="-1"><iframe height="0" width="0" style="display: none; visibility: hidden;" src="./Snacks_Candy_Organic_files/activityi.html"></iframe><head><meta http-equiv="Content-Type" content="text/html; charset=UTF-8"><style type="text/css">@charset "UTF-8";[ng\:cloak],[ng-cloak],[data-ng-cloak],[x-ng-cloak],.ng-cloak,.x-ng-cloak,.ng-hide:not(.ng-hide-animate){display:none !important;}ng\:form{display:block;}.ng-animate-shim{visibility:hidden;}.ng-anchor{position:absolute;}</style>
<!-- BEGIN GTM tracker snippet -->
<script src="./Snacks_Candy_Organic_files/f.txt"></script><script type="text/javascript" async="" src="./Snacks_Candy_Organic_files/Resonance.aspx"></script><script src="./Snacks_Candy_Organic_files/f(1).txt"></script><script src="./Snacks_Candy_Organic_files/f(2).txt"></script><script type="text/javascript" async="" src="./Snacks_Candy_Organic_files/Resonance(1).aspx"></script><script src="./Snacks_Candy_Organic_files/f(3).txt"></script><script type="text/javascript" async="" src="./Snacks_Candy_Organic_files/Resonance(2).aspx"></script><script src="./Snacks_Candy_Organic_files/f(4).txt"></script><script type="text/javascript" async="" src="./Snacks_Candy_Organic_files/Resonance(3).aspx"></script><script src="./Snacks_Candy_Organic_files/f(5).txt"></script><script type="text/javascript" async="" src="./Snacks_Candy_Organic_files/Resonance(4).aspx"></script><script src="./Snacks_Candy_Organic_files/f(6).txt"></script><script type="text/javascript" async="" src="./Snacks_Candy_Organic_files/Resonance(5).aspx"></script><script src="./Snacks_Candy_Organic_files/f(7).txt"></script><script type="text/javascript" async="" src="./Snacks_Candy_Organic_files/Resonance(6).aspx"></script><script src="./Snacks_Candy_Organic_files/f(8).txt"></script><script src="./Snacks_Candy_Organic_files/f(9).txt"></script><script type="text/javascript" async="" src="./Snacks_Candy_Organic_files/Resonance(7).aspx"></script><script src="./Snacks_Candy_Organic_files/f(10).txt"></script><script type="text/javascript" async="" src="./Snacks_Candy_Organic_files/Resonance(8).aspx"></script><script src="./Snacks_Candy_Organic_files/f(11).txt"></script><script type="text/javascript" async="" src="./Snacks_Candy_Organic_files/Resonance(9).aspx"></script><script src="./Snacks_Candy_Organic_files/f(12).txt"></script><script type="text/javascript" async="" src="./Snacks_Candy_Organic_files/Resonance(10).aspx"></script><script src="./Snacks_Candy_Organic_files/f(13).txt"></script><script type="text/javascript" async="" src="./Snacks_Candy_Organic_files/Resonance(11).aspx"></script><script src="./Snacks_Candy_Organic_files/f(14).txt"></script><script type="text/javascript" async="" src="./Snacks_Candy_Organic_files/Resonance(12).aspx"></script><script src="./Snacks_Candy_Organic_files/f(15).txt"></script><script src="./Snacks_Candy_Organic_files/f(16).txt"></script><script type="text/javascript" async="" src="./Snacks_Candy_Organic_files/Resonance(13).aspx"></script><script src="./Snacks_Candy_Organic_files/f(17).txt"></script><script type="text/javascript" async="" src="./Snacks_Candy_Organic_files/Resonance(14).aspx"></script><script src="./Snacks_Candy_Organic_files/f(18).txt"></script><script type="text/javascript" async="" src="./Snacks_Candy_Organic_files/Resonance(15).aspx"></script><script src="./Snacks_Candy_Organic_files/f(19).txt"></script><script type="text/javascript" async="" src="./Snacks_Candy_Organic_files/Resonance(16).aspx"></script><script src="./Snacks_Candy_Organic_files/f(20).txt"></script><script type="text/javascript" async="" src="./Snacks_Candy_Organic_files/Resonance(17).aspx"></script><script src="./Snacks_Candy_Organic_files/f(21).txt"></script><script type="text/javascript" async="" src="./Snacks_Candy_Organic_files/Resonance(18).aspx"></script><script src="./Snacks_Candy_Organic_files/f(22).txt"></script><script src="./Snacks_Candy_Organic_files/f(23).txt"></script><script type="text/javascript" async="" src="./Snacks_Candy_Organic_files/Resonance(19).aspx"></script><script src="./Snacks_Candy_Organic_files/f(24).txt"></script><script src="./Snacks_Candy_Organic_files/f(25).txt"></script><script type="text/javascript" async="" src="./Snacks_Candy_Organic_files/Resonance(20).aspx"></script><script src="./Snacks_Candy_Organic_files/f(26).txt"></script><script src="./Snacks_Candy_Organic_files/f(27).txt"></script><script type="text/javascript" async="" src="./Snacks_Candy_Organic_files/Resonance(21).aspx"></script><script src="./Snacks_Candy_Organic_files/f(28).txt"></script><script type="text/javascript" async="" src="./Snacks_Candy_Organic_files/Resonance(22).aspx"></script><script src="./Snacks_Candy_Organic_files/f(29).txt"></script><script type="text/javascript" async="" src="./Snacks_Candy_Organic_files/Resonance(23).aspx"></script><script src="./Snacks_Candy_Organic_files/f(30).txt"></script><script type="text/javascript" async="" src="./Snacks_Candy_Organic_files/Resonance(24).aspx"></script><script src="./Snacks_Candy_Organic_files/f(31).txt"></script><script type="text/javascript" async="" src="./Snacks_Candy_Organic_files/Resonance(25).aspx"></script><script src="./Snacks_Candy_Organic_files/f(32).txt"></script><script type="text/javascript" async="" src="./Snacks_Candy_Organic_files/Resonance(26).aspx"></script><script src="./Snacks_Candy_Organic_files/f(33).txt"></script><script type="text/javascript" async="" src="./Snacks_Candy_Organic_files/Resonance(27).aspx"></script><script src="./Snacks_Candy_Organic_files/f(34).txt"></script><script type="text/javascript" async="" src="./Snacks_Candy_Organic_files/Resonance(28).aspx"></script><script src="./Snacks_Candy_Organic_files/f(35).txt"></script><script type="text/javascript" async="" src="./Snacks_Candy_Organic_files/Resonance(29).aspx"></script><script src="./Snacks_Candy_Organic_files/f(36).txt"></script><script type="text/javascript" async="" src="./Snacks_Candy_Organic_files/Resonance(30).aspx"></script><script src="./Snacks_Candy_Organic_files/f(37).txt"></script><script type="text/javascript" async="" src="./Snacks_Candy_Organic_files/Resonance(31).aspx"></script><script src="./Snacks_Candy_Organic_files/f(38).txt"></script><script type="text/javascript" async="" src="./Snacks_Candy_Organic_files/Resonance(32).aspx"></script><script src="./Snacks_Candy_Organic_files/f(39).txt"></script><script type="text/javascript" async="" src="./Snacks_Candy_Organic_files/Resonance(33).aspx"></script><script src="./Snacks_Candy_Organic_files/f(40).txt"></script><script type="text/javascript" async="" src="./Snacks_Candy_Organic_files/Resonance(34).aspx"></script><script src="./Snacks_Candy_Organic_files/f(41).txt"></script><script type="text/javascript" async="" src="./Snacks_Candy_Organic_files/Resonance(35).aspx"></script><script src="./Snacks_Candy_Organic_files/f(42).txt"></script><script src="./Snacks_Candy_Organic_files/osd.js"></script><script src="./Snacks_Candy_Organic_files/f(43).txt"></script><script src="./Snacks_Candy_Organic_files/pubads_impl_rendering_2019062401.js"></script><script type="text/javascript" async="" src="./Snacks_Candy_Organic_files/Resonance(36).aspx"></script><script type="text/javascript" src="./Snacks_Candy_Organic_files/get"></script><script type="text/javascript" src="./Snacks_Candy_Organic_files/optout_check"></script><script type="text/javascript" src="./Snacks_Candy_Organic_files/c930f92d-6e77-4e79-8afb-3c1e560bf29e"></script><script type="text/javascript" src="./Snacks_Candy_Organic_files/c930f92d-6e77-4e79-8afb-3c1e560bf29e(1)"></script><script async="" src="./Snacks_Candy_Organic_files/main.532239b0.js"></script><script async="" src="./Snacks_Candy_Organic_files/controltag.js.f0b61617fbc713883207cc130147aee2"></script><script type="text/javascript" async="" src="./Snacks_Candy_Organic_files/ecommerce.js"></script><script type="text/javascript" async="" src="./Snacks_Candy_Organic_files/linkid.js"></script><script async="" src="./Snacks_Candy_Organic_files/pixel.js"></script><script src="./Snacks_Candy_Organic_files/104762392963845" async=""></script><script src="./Snacks_Candy_Organic_files/817960774913222" async=""></script><script src="./Snacks_Candy_Organic_files/inferredEvents.js" async=""></script><script src="./Snacks_Candy_Organic_files/367377797354413" async=""></script><script async="" src="./Snacks_Candy_Organic_files/fbevents.js"></script><script async="" src="./Snacks_Candy_Organic_files/gtm.js"></script><script type="text/javascript" async="" src="./Snacks_Candy_Organic_files/analytics.js"></script><script async="" src="./Snacks_Candy_Organic_files/analytics.js"></script><script async="" src="./Snacks_Candy_Organic_files/fs.js"></script><script async="" src="./Snacks_Candy_Organic_files/gtm.js"></script><script>
(function(w,d,s,l,i){
w[l]=w[l]||[];
w[l].push({'gtm.start': new Date().getTime(), event:'gtm.js'});
var f=d.getElementsByTagName(s)[0],j=d.createElement(s),dl=l!='dataLayer'?'&l='+l:'';
j.async=true;
j.src='https://www.googletagmanager.com/gtm.js?id='+i+dl;
f.parentNode.insertBefore(j,f);
})(window,document,'script','dataLayer','GTM-MDB4F8D');
</script>
<!-- END GTM tracker snippet -->
<!-- Mobile viewport optimizations -->
<meta name="HandheldFriendly" content="true">
<meta name="viewport" content="width=device-width, initial-scale=1.0, maximum-scale=2.0, minimum-scale=1.0">
<meta name="apple-mobile-web-app-capable" content="yes">
<meta name="mobile-web-app-capable" content="yes">
<meta name="format-detection" content="telephone=no">
<meta name="keywords" content="home grocery delivery, home grocery shopping, grocery shopping from home, home grocery delivery service">
<meta name="Classification" content="grocery, food, grocery shopping">
<meta name="msapplication-TileColor" content="#ffffff">
<meta name="msapplication-TileImage" content="/shop/images/favicon/ms-icon-144x144.png">
<meta name="msapplication-config" content="/shop/images/favicon/browserconfig.xml">
<meta name="theme-color" content="#ffffff">
<meta name="apple-itunes-app" content="app-id=386315393">
<meta name="google-play-app" content="app-id=com.peapod.app.mobile.droid">
<meta http-equiv="X-UA-Compatible" content="IE=edge">

<title ng-bind="app.title">Browse Aisles - Snacks &amp; Candy | Peapod</title>
<meta name="description" content="Peapod offers convenient online grocery shopping. We carry fresh, healthy foods, and supermarket staples from your favorite brands all available for delivery.">
<link rel="apple-touch-icon" sizes="57x57" href="https://www.peapod.com/shop/images/favicon/apple-icon-57x57.png">
<link rel="apple-touch-icon" sizes="60x60" href="https://www.peapod.com/shop/images/favicon/apple-icon-60x60.png">
<link rel="apple-touch-icon" sizes="72x72" href="https://www.peapod.com/shop/images/favicon/apple-icon-72x72.png">
<link rel="apple-touch-icon" sizes="76x76" href="https://www.peapod.com/shop/images/favicon/apple-icon-76x76.png">
<link rel="apple-touch-icon" sizes="114x114" href="https://www.peapod.com/shop/images/favicon/apple-icon-114x114.png">
<link rel="apple-touch-icon" sizes="120x120" href="https://www.peapod.com/shop/images/favicon/apple-icon-120x120.png">
<link rel="apple-touch-icon" sizes="144x144" href="https://www.peapod.com/shop/images/favicon/apple-icon-144x144.png">
<link rel="apple-touch-icon" sizes="152x152" href="https://www.peapod.com/shop/images/favicon/apple-icon-152x152.png">
<link rel="apple-touch-icon" sizes="180x180" href="https://www.peapod.com/shop/images/favicon/apple-icon-180x180.png">
<link rel="icon" type="image/png" sizes="192x192" href="https://www.peapod.com/shop/images/favicon/android-icon-192x192.png">
<link rel="icon" type="image/png" sizes="32x32" href="https://www.peapod.com/shop/images/favicon/favicon-32x32.png">
<link rel="icon" type="image/png" sizes="96x96" href="https://www.peapod.com/shop/images/favicon/favicon-96x96.png">
<link rel="icon" type="image/png" sizes="16x16" href="https://www.peapod.com/shop/images/favicon/favicon-16x16.png">
<link rel="manifest" href="https://www.peapod.com/shop/images/favicon/manifest.json">
<meta name="msapplication-TileColor" content="#ffffff">
<meta name="msapplication-TileImage" content="/shop/images/favicon/ms-icon-144x144.png">
<meta name="msapplication-config" content="/shop/images/favicon/browserconfig.xml">
<meta name="theme-color" content="#ffffff">

<!-- BEGIN FullStory tracker snippet -->
<script>
if (typeof timeOrdQy === "undefined" || timeOrdQy <= 3) {
window['_fs_debug'] = false;
window['_fs_host'] = 'fullstory.com';
window['_fs_org'] = 'BYSXZ';
window['_fs_namespace'] = 'FS';
(function(m,n,e,t,l,o,g,y){
if (e in m) {if(m.console && m.console.log) { m.console.log('FullStory namespace conflict. Please set window["_fs_namespace"].');} return;}
g=m[e]=function(a,b){g.q?g.q.push([a,b]):g._api(a,b);};g.q=[];
o=n.createElement(t);o.async=1;o.src='https://'+_fs_host+'/s/fs.js';
y=n.getElementsByTagName(t)[0];y.parentNode.insertBefore(o,y);
g.identify=function(i,v){g(l,{uid:i});if(v)g(l,v)};g.setUserVars=function(v){g(l,v)};
g.shutdown=function(){g("rec",!1)};g.restart=function(){g("rec",!0)};
g.consent=function(a){g("consent",!arguments.length||a)};
g.identifyAccount=function(i,v){o='account';v=v||{};v.acctId=i;g(o,v)};
g.clearUserCookie=function(){};
})(window,document,window['_fs_namespace'],'script','user');
}
</script>
<!-- END Fullstory tracker snippet -->
<script type="text/javascript">
var appConfig = {
apiKey: '303',
googleAnalyticsId: 'UA-20096507-3',
orderStatusEtaBufferMinutes: 30,
orderStatusLateMinutes: 30,
orderStatusDepartureTimeHourOffset: 1,
secureEnabled: true,
optimizelyEnabled: true,
sessionTrackingEnabled: true,
optimizelyUrl: 'https://cdn.optimizely.com/js/8545500175.js',
encryptionScripts: {
scriptKey: 'https://safetechpageencryption.chasepaymentech.com/pie/v1/64100000000007/getkey.js?1499350371496',
scriptEncrypt: 'https://safetechpageencryption.chasepaymentech.com/pie/v1/encryption.js?14993503714961562088129097'
},
drEncryptionScript: '/scripts/payment/paymentech_include.jhtml',
productPrefs: {
showRecommendations: true
},
routeLogging: true,
modalLogging: true,
eventLogging: true,
exceptionLogging: true,
bazaarVoice: {
apiVersion: '5.4',
displayApiKey: '74f52k0udzrawbn3mlh3r8z0m',
displayApiUrl: '//api.bazaarvoice.com',
submitApiKey: '74f52k0udzrawbn3mlh3r8z0m',
submitApiUrl: '//api.bazaarvoice.com',
pageSize: '10'
},
cdnUrl: 'https://i5.peapod.com',
opcoId: 'STSH',
sessionTimeout: 900000,
devicePushEnabled: true,
defaultZip: null,
defaultPickupLocation: null
},
messageBundle = {},
callbacks = {},
resx = {},
UserVoice = window.UserVoice || [],
timeOrdQy = 0;
appConfig.opcoTheme = 'PPOD';
var googletag = googletag || {};
googletag.cmd = googletag.cmd || [];
window.dataLayer = window.dataLayer || [];
window.dataLayer.push({
'event': 'gt-dataLayer-initialized',
'pageCategory': 'landing',
'userId': 88969266,
'userGuid': '9f8ba071-13e7-4d3b-a9fe-2c1b0dd86ae2',
'userLoggedIn': true,
'zipCode': '02144',
'state': 'MA',
'city': 'Somerville',
'daysSinceLastOrder': 0,
'numberOfOrders': 0,
'brand': 'STSH',
'customerType': 'C',
'orderStatus': 'WORKING'
});
</script>
<script type="text/javascript">
WebFontConfig = {
custom: {
families: ['ProximaNova', 'ProximaNova-RegularIt', 'ProximaNova-SemiboldIt'],
urls: ['/shop/dist/css/font_proximanova_cfcc942f04be60ac9a0e2ef755a7127a52c46d8a.css']
}
};
</script>
<link type="text/css" href="./Snacks_Candy_Organic_files/ppod_cfcc942f04be60ac9a0e2ef755a7127a52c46d8a.css" rel="stylesheet">
<script src="./Snacks_Candy_Organic_files/project-newman-external_cfcc942f04be60ac9a0e2ef755a7127a52c46d8a.js" type="text/javascript"></script>
<script src="./Snacks_Candy_Organic_files/project-newman-user_cfcc942f04be60ac9a0e2ef755a7127a52c46d8a.js" type="text/javascript"></script><style type="text/css">.vector-icon_inline-text--left[data-v-7302d04b]{margin-right:0}</style><style type="text/css">.confirmation-wrapper[data-v-14733eca]{z-index:99}</style><style type="text/css">.vector-icon-size--xsmall[data-v-784b3ece]{margin-top:5px}</style><style type="text/css">.buy-more-save-more_cta[data-v-32d72559]{cursor:pointer;display:flex}.buy-more-save-more_cta svg[data-v-32d72559]{margin:.25rem 0 0 .3rem;height:.8rem;width:.8rem}</style><style type="text/css">.bulk-buy_container[data-v-3bdfba46]{position:absolute;z-index:1;bottom:6rem;width:95%;height:15rem}.bulk-buy_container .bulk-buy_header-container h4[data-v-3bdfba46]{font-weight:600;font-size:1.5rem;margin-top:.5rem}.bulk-buy_container .bulk-buy_header-container button[data-v-3bdfba46]{border:none;position:absolute;left:.5rem;top:.8rem;z-index:10}.bulk-buy_container .bulk-buy_body button[data-v-3bdfba46]{height:100%;margin-top:.4rem}.bulk-buy_container .bulk-buy_mix-match-body[data-v-3bdfba46]{display:flex;align-items:center;justify-content:center;height:75%}.bulk-buy_container .bulk-buy_mix-match-body button[data-v-3bdfba46]{background-color:#fff;padding:.5rem 1rem}.bulk-buy_container-mobile[data-v-3bdfba46]{width:100%;height:10.5rem;left:0;bottom:5rem}.bulk-buy_container-mobile .bulk-buy_header-container h4[data-v-3bdfba46]{text-align:center}.bulk-buy_container-mobile .bulk-buy_header-container button[data-v-3bdfba46]{left:1rem}.bulk-buy_container-mobile .bulk-buy_body[data-v-3bdfba46]{margin:.5rem .5rem 0 .5rem;white-space:nowrap;width:97%;overflow-y:scroll}.bulk-buy_container-mobile .bulk-buy_body button[data-v-3bdfba46]{font-size:1.4rem;margin-left:1rem;padding:.8rem 0;width:8rem}.bulk-buy_container-mobile .bulk-buy_body button .bulk-buy-scroller_button--quantity[data-v-3bdfba46]{display:block}.bulk-buy_container-mobile .bulk-buy_body button .loading-spinner[data-v-3bdfba46]{right:0}</style>
<script src="./Snacks_Candy_Organic_files/project-newman-tpls_cfcc942f04be60ac9a0e2ef755a7127a52c46d8a.js" type="text/javascript"></script>
<link rel="stylesheet" href="./Snacks_Candy_Organic_files/font_proximanova_cfcc942f04be60ac9a0e2ef755a7127a52c46d8a.css" media="all"><script src="./Snacks_Candy_Organic_files/webfontloader.1.6.28.min_cfcc942f04be60ac9a0e2ef755a7127a52c46d8a.js" type="text/javascript"></script>
<!--<base href="/">--><base href=".">
<script type="text/javascript" src="./Snacks_Candy_Organic_files/c3metrics-414.js"></script><script type="text/javascript" src="./Snacks_Candy_Organic_files/r5kol0qtp.js"></script><script type="text/javascript" src="./Snacks_Candy_Organic_files/core.js"></script><script type="text/javascript" src="./Snacks_Candy_Organic_files/core(1).js"></script><script type="text/javascript" src="./Snacks_Candy_Organic_files/cxbew.js"></script><script type="text/javascript" async="" src="./Snacks_Candy_Organic_files/abd.min.js"></script><script type="text/javascript" async="" src="./Snacks_Candy_Organic_files/ld.js"></script><script type="text/javascript" async="" src="./Snacks_Candy_Organic_files/onetag.js"></script><script src="./Snacks_Candy_Organic_files/global_header"></script><script type="text/javascript" src="./Snacks_Candy_Organic_files/cxbew.js"></script><link rel="preload" href="./Snacks_Candy_Organic_files/f(44).txt" as="script"><script type="text/javascript" src="./Snacks_Candy_Organic_files/f(44).txt"></script><script src="./Snacks_Candy_Organic_files/pubads_impl_2019062401.js" async=""></script><script type="text/javascript" src="./Snacks_Candy_Organic_files/cxbew.js"></script><link rel="prefetch" href="https://tpc.googlesyndication.com/safeframe/1-0-35/html/container.html"><script type="text/javascript" src="./Snacks_Candy_Organic_files/cxbew.js"></script><script type="text/javascript" src="./Snacks_Candy_Organic_files/cxbew.js"></script><script type="text/javascript" src="./Snacks_Candy_Organic_files/cxbew.js"></script><script type="text/javascript" src="./Snacks_Candy_Organic_files/cxbew.js"></script><script type="text/javascript" src="./Snacks_Candy_Organic_files/cxbew.js"></script><script type="text/javascript" src="./Snacks_Candy_Organic_files/cxbew.js"></script><script type="text/javascript" src="./Snacks_Candy_Organic_files/cxbew.js"></script><script type="text/javascript" src="./Snacks_Candy_Organic_files/cxbew.js"></script><script type="text/javascript" src="./Snacks_Candy_Organic_files/cxbew.js"></script><script type="text/javascript" src="./Snacks_Candy_Organic_files/cxbew.js"></script><script type="text/javascript" src="./Snacks_Candy_Organic_files/cxbew.js"></script><script type="text/javascript" src="./Snacks_Candy_Organic_files/cxbew.js"></script><script type="text/javascript" src="./Snacks_Candy_Organic_files/cxbew.js"></script><script type="text/javascript" src="./Snacks_Candy_Organic_files/cxbew.js"></script><script type="text/javascript" src="./Snacks_Candy_Organic_files/cxbew.js"></script><script type="text/javascript" src="./Snacks_Candy_Organic_files/cxbew.js"></script><script type="text/javascript" src="./Snacks_Candy_Organic_files/cxbew.js"></script><script type="text/javascript" src="./Snacks_Candy_Organic_files/cxbew.js"></script><script type="text/javascript" src="./Snacks_Candy_Organic_files/cxbew.js"></script><script type="text/javascript" src="./Snacks_Candy_Organic_files/cxbew.js"></script><script type="text/javascript" src="./Snacks_Candy_Organic_files/cxbew.js"></script><script type="text/javascript" src="./Snacks_Candy_Organic_files/cxbew.js"></script><script type="text/javascript" src="./Snacks_Candy_Organic_files/cxbew.js"></script><script type="text/javascript" src="./Snacks_Candy_Organic_files/cxbew.js"></script><script type="text/javascript" src="./Snacks_Candy_Organic_files/cxbew.js"></script><script type="text/javascript" src="./Snacks_Candy_Organic_files/cxbew.js"></script><script type="text/javascript" src="./Snacks_Candy_Organic_files/cxbew.js"></script><script type="text/javascript" src="./Snacks_Candy_Organic_files/cxbew.js"></script><script type="text/javascript" src="./Snacks_Candy_Organic_files/cxbew.js"></script><script type="text/javascript" src="./Snacks_Candy_Organic_files/cxbew.js"></script><script type="text/javascript" src="./Snacks_Candy_Organic_files/cxbew.js"></script><script type="text/javascript" src="./Snacks_Candy_Organic_files/cxbew.js"></script><script type="text/javascript" src="./Snacks_Candy_Organic_files/cxbew.js"></script><script type="text/javascript" src="./Snacks_Candy_Organic_files/cxbew.js"></script><script type="text/javascript" src="./Snacks_Candy_Organic_files/cxbew.js"></script><script type="text/javascript" src="./Snacks_Candy_Organic_files/cxbew.js"></script><script type="text/javascript" src="./Snacks_Candy_Organic_files/cxbew.js"></script><script type="text/javascript" src="./Snacks_Candy_Organic_files/cxbew.js"></script><script type="text/javascript" src="./Snacks_Candy_Organic_files/cxbew.js"></script><script type="text/javascript" src="./Snacks_Candy_Organic_files/cxbew.js"></script><script type="text/javascript" src="./Snacks_Candy_Organic_files/cxbew.js"></script><script type="text/javascript" src="./Snacks_Candy_Organic_files/cxbew.js"></script><script type="text/javascript" src="./Snacks_Candy_Organic_files/cxbew.js"></script><script type="text/javascript" src="./Snacks_Candy_Organic_files/cxbew.js"></script><script type="text/javascript" src="./Snacks_Candy_Organic_files/cxbew.js"></script><script type="text/javascript" src="./Snacks_Candy_Organic_files/cxbew.js"></script><script type="text/javascript" src="./Snacks_Candy_Organic_files/cxbew.js"></script><script type="text/javascript" src="./Snacks_Candy_Organic_files/cxbew.js"></script><script type="text/javascript" src="./Snacks_Candy_Organic_files/cxbew.js"></script><script type="text/javascript" src="./Snacks_Candy_Organic_files/cxbew.js"></script><script type="text/javascript" src="./Snacks_Candy_Organic_files/cxbew.js"></script><script type="text/javascript" src="./Snacks_Candy_Organic_files/cxbew.js"></script><script type="text/javascript" src="./Snacks_Candy_Organic_files/cxbew.js"></script><script type="text/javascript" src="./Snacks_Candy_Organic_files/cxbew.js"></script><script type="text/javascript" src="./Snacks_Candy_Organic_files/cxbew.js"></script><script type="text/javascript" src="./Snacks_Candy_Organic_files/cxbew.js"></script><script type="text/javascript" src="./Snacks_Candy_Organic_files/cxbew.js"></script><script type="text/javascript" src="./Snacks_Candy_Organic_files/cxbew.js"></script><script type="text/javascript" src="./Snacks_Candy_Organic_files/cxbew.js"></script><script type="text/javascript" src="./Snacks_Candy_Organic_files/cxbew.js"></script><script type="text/javascript" src="./Snacks_Candy_Organic_files/cxbew.js"></script><script type="text/javascript" src="./Snacks_Candy_Organic_files/cxbew.js"></script><script type="text/javascript" src="./Snacks_Candy_Organic_files/cxbew.js"></script><script type="text/javascript" src="./Snacks_Candy_Organic_files/cxbew.js"></script><script type="text/javascript" src="./Snacks_Candy_Organic_files/cxbew.js"></script><script type="text/javascript" src="./Snacks_Candy_Organic_files/cxbew.js"></script><script type="text/javascript" src="./Snacks_Candy_Organic_files/cxbew.js"></script><script type="text/javascript" src="./Snacks_Candy_Organic_files/cxbew.js"></script><script type="text/javascript" src="./Snacks_Candy_Organic_files/cxbew.js"></script><script type="text/javascript" src="./Snacks_Candy_Organic_files/cxbew.js"></script><script type="text/javascript" src="./Snacks_Candy_Organic_files/cxbew.js"></script><script type="text/javascript" src="./Snacks_Candy_Organic_files/cxbew.js"></script><script type="text/javascript" src="./Snacks_Candy_Organic_files/cxbew.js"></script><script type="text/javascript" src="./Snacks_Candy_Organic_files/cxbew.js"></script><script type="text/javascript" src="./Snacks_Candy_Organic_files/cxbew.js"></script><script type="text/javascript" src="./Snacks_Candy_Organic_files/cxbew.js"></script><script type="text/javascript" src="./Snacks_Candy_Organic_files/cxbew.js"></script><script type="text/javascript" src="./Snacks_Candy_Organic_files/cxbew.js"></script><script type="text/javascript" src="./Snacks_Candy_Organic_files/cxbew.js"></script><script type="text/javascript" src="./Snacks_Candy_Organic_files/cxbew.js"></script><script type="text/javascript" src="./Snacks_Candy_Organic_files/cxbew.js"></script></head>
<body js-context-back-handler-root="" class="tablet-desktop tablet browse-desktop browse-mini-tablet with-subheader" coupon-configuration-listener="" video-listener="" width-breakpoints="" ppd-order-cutoff-warning="" ppd-order-status="" ppd-cart-locations="" user-profile="" ppd-cart-route="" ppd-js-context="" watch-width="" checkout-view="" notification-controller="" ng-controller="viewHelperController" ng-class="{ &#39;with-subheader&#39;: app.subHeader != &#39;&#39;, &#39;with-warning-header&#39;: warningHeader != &#39;&#39;, animateView: animateView, authValidating: authValidating }" ng-keydown="toggleFocus($event)" style="visibility: visible;">
<noscript>
<style>
header {
padding: 1rem 1rem 1rem 1rem;
background-color: #f2f2f2;
width: 100%;
font-size: larger;
overflow: scroll;
}
body {
overflow-y: scroll;
padding: 0rem 1rem;
}
.promo {
margin-left: 1rem;
border: 2px solid #5EA000;
padding: 0.5rem;
}
.large-text {
font-size: 3rem;
padding: 2rem 1rem 1rem 1rem;
}
.medium-text {
font-size: 2rem;
padding: 1rem;
}
#categories {
margin-left: 2rem;
}
footer {
margin-top: 2rem;
background-color: #f2f2f2;
}
#markets {
width: 40%;
}
#about-peapod {
width: 20%;
}
#follow-us {
width: 20%;
}
.seo_inline-block {
display: inline-block;
vertical-align: top;
margin: 1rem;
}
.seo_logo {
display: inline-block;
width: 49%;
text-align: left;
margin-left: 1rem;
font-size: x-large;
}
.seo_sign-in {
display: inline-block;
width: 48%;
text-align: right;
margin-right: 0;
}
.container--full-height {
display: none;
}
.product-list-entry {
padding: 5px 0 0;
}
.product-image {
vertical-align: middle;
padding: 0 1rem;
}
</style>
<header>
<div class="seo_logo"><a href="/">Peapod.com</a></div>
<div class="seo_sign-in"><a href="/shop/auth/index.jhtml?gateway=1">Sign In</a></div>
</header>
<main class="select-text">
<div id="categories">
<ul>
<li>
<a href="/browse-aisles/categories/1/categories/2-alcoholic-beverages">
Alcoholic Beverages
</a>
</li>
<li>
<a href="/browse-aisles/categories/1/categories/85-bread-bakery">
Bread &amp; Bakery
</a>
</li>
<li>
<a href="/browse-aisles/categories/1/categories/166-baking-cooking-needs">
Baking &amp; Cooking Needs
</a>
</li>
<li>
<a href="/browse-aisles/categories/1/categories/365-beverages">
Beverages
</a>
</li>
<li>
<a href="/browse-aisles/categories/1/categories/530-breakfast-cereal">
Breakfast &amp; Cereal
</a>
</li>
<li>
<a href="/browse-aisles/categories/1/categories/569-condiments-sauces">
Condiments &amp; Sauces
</a>
</li>
<li>
<a href="/browse-aisles/categories/1/categories/805-dairy">
Dairy
</a>
</li>
<li>
<a href="/browse-aisles/categories/1/categories/921-deli">
Deli
</a>
</li>
<li>
<a href="/browse-aisles/categories/1/categories/995-frozen">
Frozen
</a>
</li>
<li>
<a href="/browse-aisles/categories/1/categories/1066-rice-grains-pasta-beans">
Rice, Grains, Pasta &amp; Beans
</a>
</li>
<li>
<a href="/browse-aisles/categories/1/categories/1201-health-beauty">
Health &amp; Beauty
</a>
</li>
<li>
<a href="/browse-aisles/categories/1/categories/1370-baby-childcare">
Baby &amp; Childcare
</a>
</li>
<li>
<a href="/browse-aisles/categories/1/categories/1448-laundry-paper-cleaning">
Laundry, Paper &amp; Cleaning
</a>
</li>
<li>
<a href="/browse-aisles/categories/1/categories/1563-meat">
Meat
</a>
</li>
<li>
<a href="/browse-aisles/categories/1/categories/1633-seafood">
Seafood
</a>
</li>
<li>
<a href="/browse-aisles/categories/1/categories/1675-office-home-garden">
Office, Home &amp; Garden
</a>
</li>
<li>
<a href="/browse-aisles/categories/1/categories/2057-pet-store">
Pet Store
</a>
</li>
<li>
<a href="/browse-aisles/categories/1/categories/2098-produce">
Produce
</a>
</li>
<li>
<a href="/browse-aisles/categories/1/categories/2543-snacks-candy">
Snacks &amp; Candy
</a>
</li>
<li>
<a href="/browse-aisles/categories/1/categories/2708-soups-canned-goods">
Soups &amp; Canned Goods
</a>
</li>
<li>
<a href="/browse-aisles/categories/1/categories/4147-meal-kits">
Meal Kits
</a>
</li>
</ul>
</div>
</main>
<footer class="select-text">
<div id="about-peapod" class="seo_inline-block">
<h3>About Peapod</h3>
<ul>
<li><a href="http://about.peapod.com/our-company/our-mission/">Company Overview</a><br/></li>
<li><a href="https://www.peapod.com/careers">Careers</a><br/></li>
<li><a href="https://ew23.ultipro.com/Login.aspx">Employees</a><br/></li>
<li><a href="https://about.peapod.com/">News Room</a><br/></li>
<li><a href="http://about.peapod.com/news-room/information-for-affiliates/">Affliates</a><br/></li>
<droplet bean="URLDroplet">
<param name="relativeUrl" value="/shop/auth/login/policy">
<oparam name="output">
<li><a href="param:secureUrl">Accessibility Policy</a><br/></li>
</oparam>
</droplet>
</ul>
</div>
<div id="follow-us" class="seo_inline-block">
<h3>Follow Us</h3>
<ul>
<li><a href="https://www.facebook.com/PeapodDelivers">Facebook</a><br/></li>
<li><a href="https://twitter.com/PeapodDelivers">Twitter</a><br/></li>
<li><a href="https://www.pinterest.com/peapoddelivers/">Pinterest</a><br/></li>
<li><a href="https://www.instagram.com/peapoddelivers/">Instagram</a><br/></li>
<li><a href="https://www.youtube.com/user/peapoddelivery">YouTube</a><br/></li>
<li><a href="https://play.google.com/store/apps/details?id=com.peapod.app.mobile.droid">Get It on Google Play</a><br/></li>
<li><a href="itms://itunes.apple.com/us/app/peapod/id386315393?mt=8">Download on the App Store</a><br/></li>
</ul>
</div>
</footer>
</noscript>
<!-- BEGIN Google Tag Manager noscript -->
<noscript>
<iframe
src="https://www.googletagmanager.com/ns.html?id=GTM-MDB4F8D"
height="0"
width="0"
style="display:none;visibility:hidden">
</iframe>
</noscript>
<!-- END Google Tag Manager noscript -->
<a aria-hidden="" href="https://www.peapod.com/" ng-click="focusOn(&#39;main-content&#39;)" class="skip-nav" target="_self" tabindex="0">Skip to Main Content</a>
<!----><div ng-include="&#39;/shop/site/partials/global/alert/alert.html&#39;"><div class="alert" alert=""><!----><!----><!----></div></div>
<!---->
<!---->
<!---->
<!---->
<div ng-controller="OrderStatusOverlayController as orderStatusOverlayController">
<!---->
</div>
<!---->
<!---->
<!---->
<!---->
<!---->
<!---->
<!---->
<!---->
<!---->
<!---->
<!---->
<!---->
<!---->
<!---->
<!---->
<!---->
<!---->
<!---->
<!---->
<!---->
<!---->
<!---->
<!---->
<!---->
<!---->
<!---->
<!----><div class="container--absolutely-fill" ng-include="&#39;/shop/site/partials/global/page/page-view.html&#39;"><div class="container--full-height container--full-width" id="exp_site_subheader"><site-subheader-management class="flex-content_container container--full-height container--full-width"><global-header><div id="global-header"><!----><header class="global-header"><nav aria-label="main" class="global-header_nav global-header_nav--main"><button id="menu-button" aria-label="Menu" aria-haspopup="true" class="menu-button hidden-above-1200"><div class="menu-button_icon"><svg xmlns="http://www.w3.org/2000/svg" aria-label="menu" viewBox="0 0 38 32" role="presentation" aria-hidden="true" focusable="false" class=""><title lang="en">
      menu
    </title><desc></desc><g fill="" stroke=""><g><path d="M37.38 30.82h-37.38v-4h37.38zM37.38 17.4h-37.38v-4h37.38zM37.38 3.98h-37.38v-3.98h37.38z" fill="#001919"></path></g></g></svg></div></button><a id="brand-logo_link" href="https://www.peapod.com/#" aria-label="Peapod Home" class="global-header_logo-container"><!----><div><!----><!----><!----><div class="vector-icon-peapod-logo-with-sns"><svg xmlns="http://www.w3.org/2000/svg" aria-label="Peapod Logo" viewBox="0 0 215 32" role="presentation" aria-hidden="true" focusable="false" class=""><title lang="en">
      Peapod Logo
    </title><desc></desc><g fill="" stroke=""><g><path fill="#781d7e" d="M146.54 21.862c0.825 0.564 1.758 0.955 2.757 0.955 1.433 0 1.997-0.89 1.997-1.585 0-1.020-0.89-1.368-1.607-1.672l-0.651-0.261c-0.608-0.282-1.303-0.586-1.802-1.172-0.261-0.304-0.63-0.868-0.63-1.715 0-1.541 1.281-2.996 3.669-2.996 1.303 0 2.193 0.391 2.54 0.543v1.737c-0.326-0.261-1.129-0.868-2.431-0.868s-1.802 0.782-1.802 1.433c0 0.933 0.934 1.346 1.693 1.65l0.738 0.304c0.608 0.282 1.259 0.586 1.737 1.172 0.326 0.391 0.586 0.999 0.586 1.715 0 1.737-1.455 3.126-3.886 3.126-0.651 0-1.693-0.109-2.909-0.586v-1.78z"></path><path fill="#781d7e" d="M157.373 23.967c-0.195 0.043-0.456 0.109-0.868 0.109s-0.999-0.065-1.433-0.564c-0.434-0.499-0.434-0.999-0.412-1.65l0.022-3.951h-0.934v-1.237h0.955v-1.346l1.693-0.521v1.889h1.628v1.237h-1.65l-0.022 3.148c0 0.782 0 1.085 0.174 1.346 0.13 0.195 0.412 0.391 0.89 0.391 0.326 0 0.651-0.087 0.955-0.195l-0.999 1.346z"></path><path fill="#781d7e" d="M162.193 24.076c-2.366 0-3.582-1.65-3.582-3.712 0-2.149 1.368-3.843 3.669-3.843 2.084 0 3.517 1.455 3.517 3.712 0 2.149-1.216 3.843-3.604 3.843zM162.214 17.758c-0.586 0.022-1.042 0.261-1.368 0.825-0.326 0.521-0.391 1.129-0.391 1.758 0 0.564 0.065 1.237 0.412 1.758 0.326 0.521 0.847 0.76 1.368 0.76 1.216 0 1.758-1.237 1.758-2.562s-0.499-2.518-1.758-2.518l-0.022-0.022z"></path><path fill="#781d7e" d="M180.928 23.381l-1.433-1.107c0 0 1.129 0.412 0.912 0.651s-0.412 0.456-0.89 0.738c-0.673 0.412-1.194 0.499-1.824 0.521-1.672 0.022-2.887-0.782-3.018-2.193-0.043-0.564 0.087-1.107 0.391-1.541 0.369-0.521 0.847-0.76 1.194-0.955-0.217-0.217-0.847-0.803-0.89-1.52-0.109-1.194 0.76-2.084 2.128-2.193 1.259-0.109 2.28 0.63 2.366 1.715 0.043 0.434-0.087 0.912-0.347 1.303-0.347 0.499-0.608 0.716-1.042 0.933l3.278 2.605-0.825 1.042zM177.042 20.255c-0.456 0.174-0.977 0.651-0.912 1.411 0.065 0.651 0.608 1.455 1.867 1.346 0.499-0.043 0.999-0.326 1.541-0.738l-2.497-2.019zM178.562 17.585c-0.043-0.586-0.478-0.89-0.977-0.847-0.586 0.043-0.912 0.564-0.868 1.107 0.043 0.456 0.456 0.803 0.803 1.107 1.042-0.369 1.064-0.933 1.042-1.368z"></path><path fill="#781d7e" d="M182.122 21.796c0.825 0.564 1.758 0.955 2.757 0.955 1.455 0 1.997-0.89 1.997-1.585 0-1.020-0.89-1.368-1.607-1.672l-0.651-0.261c-0.608-0.282-1.303-0.586-1.802-1.172-0.261-0.304-0.63-0.868-0.63-1.715 0-1.541 1.281-2.996 3.669-2.996 1.303 0 2.193 0.391 2.54 0.543v1.737c-0.326-0.261-1.129-0.868-2.431-0.868s-1.802 0.782-1.802 1.433c0 0.933 0.934 1.346 1.693 1.65l0.738 0.304c0.608 0.282 1.281 0.586 1.737 1.172 0.326 0.391 0.586 0.999 0.586 1.693 0 1.737-1.455 3.126-3.886 3.126-0.651 0-1.693-0.109-2.909-0.586v-1.758z"></path><path fill="#781d7e" d="M196.038 23.902h-1.715v-3.647c-0.022-1.129-0.022-1.715-0.499-2.106-0.195-0.152-0.521-0.304-0.999-0.304s-0.868 0.13-1.346 0.434v5.623h-1.737v-10.29h1.737v4.45l-0.412-0.825c0 0 0.63-0.326 0.999-0.456 0.304-0.109 0.912-0.261 1.433-0.261 0.434 0 1.216 0.065 1.802 0.608 0.673 0.608 0.695 1.346 0.695 1.976l0.043 4.798z"></path><path fill="#781d7e" d="M200.619 24.076c-2.366 0-3.582-1.65-3.582-3.712 0-2.149 1.368-3.843 3.669-3.843 2.084 0 3.517 1.455 3.517 3.712 0 2.149-1.216 3.843-3.604 3.843zM200.64 17.758c-0.586 0.022-1.042 0.261-1.368 0.825-0.326 0.521-0.391 1.129-0.391 1.758 0 0.564 0.065 1.237 0.412 1.758s0.847 0.76 1.368 0.76c1.216 0 1.758-1.237 1.758-2.562s-0.499-2.518-1.758-2.518l-0.022-0.022z"></path><path fill="#781d7e" d="M206.958 17.042c0.195-0.087 0.716-0.282 0.868-0.347 0.13-0.043 0.564-0.174 1.129-0.174 2.106 0 3.343 1.476 3.343 3.625 0 2.366-1.433 3.929-3.495 3.929-0.868 0-1.411-0.282-1.802-0.478v3.343h-1.715v-10.247h1.715v1.216c0 0-0.217-0.782-0.043-0.868zM207.001 22.339c0.174 0.109 0.651 0.434 1.411 0.434 1.389 0 2.084-1.151 2.084-2.562 0-0.738-0.195-1.324-0.499-1.693-0.282-0.347-0.782-0.716-1.585-0.716-0.499 0-0.977 0.13-1.411 0.347v4.19z"></path><path fill="#781d7e" d="M168.554 17.042c0.195-0.087 0.716-0.282 0.868-0.347 0.13-0.043 0.564-0.174 1.129-0.174 2.106 0 3.343 1.476 3.343 3.625 0 2.366-1.433 3.929-3.495 3.929-0.868 0-1.411-0.282-1.802-0.478v3.343h-1.715v-10.247h1.715v1.216c0 0-0.239-0.782-0.043-0.868zM168.597 22.339c0.174 0.109 0.651 0.434 1.411 0.434 1.389 0 2.084-1.151 2.084-2.562 0-0.738-0.195-1.324-0.499-1.693-0.282-0.347-0.782-0.716-1.585-0.716-0.499 0-0.977 0.13-1.411 0.347v4.19z"></path><path fill="#781d7e" d="M213.645 16.217c0.586 0 1.107 0.412 1.107 1.085 0 0.651-0.521 1.085-1.107 1.085s-1.107-0.434-1.107-1.085 0.521-1.085 1.107-1.085zM213.645 18.149c0.456 0 0.803-0.347 0.803-0.847s-0.369-0.847-0.803-0.847c-0.456 0-0.825 0.347-0.825 0.847s0.369 0.847 0.825 0.847zM213.21 16.695h0.456c0.304 0 0.478 0.087 0.478 0.347 0 0.217-0.13 0.304-0.326 0.326l0.326 0.521h-0.261l-0.304-0.521h-0.152v0.521h-0.239l0.022-1.194zM213.449 17.194h0.217c0.13 0 0.239-0.022 0.239-0.174 0-0.13-0.13-0.152-0.239-0.152h-0.195l-0.022 0.326z"></path><path fill="#fdb913" d="M121.357 22.079c-0.022-0.065-0.043-0.13-0.043-0.217 0-0.282 0.239-0.521 0.521-0.521v0h20.081c0.282 0 0.521 0.239 0.521 0.521 0 0.065-0.022 0.152-0.043 0.217v0c-1.889 3.908-5.905 6.6-10.529 6.6-4.602 0-8.619-2.692-10.507-6.6v0z"></path><path fill="#ee3124" d="M123.745 8.64c0.022-0.043 0.043-0.087 0.087-0.13 0.152-0.152 0.412-0.152 0.564 0v0l10.681 10.681c0.152 0.152 0.152 0.412 0 0.564-0.043 0.043-0.087 0.065-0.13 0.087v0c-3.083 1.064-6.643 0.369-9.118-2.084-2.453-2.475-3.148-6.035-2.084-9.118v0z"></path><path fill="#781d7e" d="M134.773 5.731c0.043-0.022 0.087-0.022 0.13-0.022 0.174 0 0.304 0.13 0.304 0.304v0 11.267c0 0.174-0.13 0.304-0.304 0.304-0.043 0-0.087 0-0.13-0.022v0c-2.193-1.064-3.712-3.3-3.712-5.905 0.022-2.627 1.52-4.863 3.712-5.927v0z"></path><path fill="#8dc63f" d="M142.393 12.005c0.022 0 0.043 0.022 0.087 0.043 0.087 0.087 0.087 0.239 0 0.326v0l-6.057 6.057c-0.087 0.087-0.239 0.087-0.326 0-0.022-0.022-0.043-0.043-0.043-0.087v0c-0.608-1.737-0.217-3.756 1.172-5.145 1.411-1.411 3.43-1.802 5.167-1.194v0z"></path><path fill="#333" d="M109.829 16.868h1.085v2.41h0.022c0.195-0.478 0.651-0.782 1.237-0.782 0.825 0 1.672 0.369 1.672 2.779 0 1.867-0.499 2.931-1.78 2.931-0.782 0-1.042-0.456-1.194-0.803h-0.022v0.673h-1.020v-7.208zM111.783 23.338c0.76 0 0.912-0.782 0.912-1.997 0-1.455-0.217-1.976-0.847-1.976-0.847 0-0.999 0.738-0.999 2.041 0.022 1.172 0.174 1.932 0.933 1.932z"></path><path fill="#333" d="M115.3 18.649l0.933 4.081h0.022l0.868-4.081h1.151l-1.498 5.623c-0.434 1.476-0.782 1.672-1.889 1.65-0.152 0-0.282-0.022-0.434-0.043v-0.868c0.13 0.022 0.239 0.043 0.347 0.043 0.369 0 0.608-0.087 0.738-0.434l0.152-0.434-1.541-5.558 1.151 0.022z"></path><path fill="#333" d="M9.357 2.583c-1.91 0-3.322 0.109-4.277 0.109h-0.803c-2.041 0-3.148-0.109-3.343-0.109-0.543 0-0.825 0.174-0.825 0.478 0 0.63 0.695 0.412 1.802 0.63 0.933 0.174 1.042 0.478 1.042 1.585v15.588c0 1.65 0 2.149-1.281 2.388-0.89 0.174-1.65-0.065-1.65 0.586 0 0.347 0.304 0.543 0.89 0.543s1.932-0.239 3.929-0.239c2.171 0 3.517 0.239 4.081 0.239 0.586 0 0.89-0.217 0.89-0.543 0-0.651-0.76-0.412-1.628-0.586-1.324-0.282-1.324-0.76-1.324-2.431v-5.167c0-0.456 0.109-0.738 0.412-0.695 0.239 0.022 1.433 0.825 3.973 0.412 3.039-0.499 5.645-2.996 5.645-6.404 0-4.168-2.54-6.383-7.533-6.383v0zM9.118 14.155c-1.281 0-2.258-0.391-2.258-1.303v-7.577c0-1.324 0.304-1.693 1.997-1.693 2.149 0 3.929 2.171 3.929 5.189 0.043 2.801-1.52 5.384-3.669 5.384v0z"></path><path fill="#333" d="M21.427 15.501h9.227c1.042 0 1.455-0.13 1.455-0.76 0-2.822-2.388-6.209-6.643-6.209-4.971 0-8.358 3.322-8.358 8.271 0 4.971 3.104 8.25 7.881 8.25 2.497 0 4.364-0.803 5.905-2.171 0.76-0.651 1.107-1.216 1.107-1.563 0-0.282-0.109-0.391-0.347-0.391-0.282 0-1.737 2.019-4.95 2.019-3.669 0-5.775-3.061-5.775-6.6v-0.282c0.022-0.499 0.087-0.564 0.499-0.564v0zM21.254 14.046l0.087-0.564c0.456-1.824 0.999-3.973 4.168-3.973 2.497 0 2.801 1.889 2.801 3.126 0 1.954-0.999 1.802-3.734 1.802h-2.801c-0.347 0-0.521-0.109-0.521-0.282v-0.109z"></path><path fill="#363636" d="M49.194 22.535c0-0.304-0.174-0.521-0.478-0.521-0.521 0-1.042 0.76-1.693 0.76-0.868 0-1.064-0.803-1.064-2.279v-8.011c0-2.866-0.695-3.973-4.19-3.973-4.624 0-7.859 2.757-7.859 4.841 0 0.347 0.347 0.63 0.825 0.63 1.693 0 2.236-0.868 2.931-2.106 0.803-1.455 1.52-2.28 3.018-2.28 1.411 0 1.737 0.803 1.737 2.757v1.498c0 0.478-0.043 0.651-0.478 0.825l-1.107 0.456c-4.429 1.737-6.839 3.256-6.839 6.144 0 1.693 0.847 3.734 3.039 3.734 1.563 0 2.822-0.803 4.32-1.802l0.934-0.63h0.239c0.63 1.52 1.672 2.431 2.953 2.431 1.672-0.022 3.712-1.824 3.712-2.475v0zM42.464 19.734c0 1.715-1.52 3.039-3.018 3.039-1.628 0-1.976-1.281-1.976-2.735 0-1.498 1.216-3.061 2.866-3.712l1.455-0.564c0.195-0.109 0.391-0.13 0.456-0.13 0.109 0 0.217 0.13 0.217 0.412v3.691z"></path><path fill="#333" d="M60.331 8.532c-1.867 0-3.343 0.63-4.841 1.976l-0.456 0.412c-0.13 0.13-0.239 0.174-0.304 0.174-0.109 0-0.174-0.065-0.174-0.239v-1.693c0-0.478-0.13-0.716-0.434-0.716-0.391 0-1.172 0.977-3.039 1.91-1.151 0.586-1.976 0.63-1.976 1.172s0.695 0.347 1.216 0.564c0.543 0.239 0.695 0.63 0.695 1.563v15.631c0 0.933-0.174 1.237-0.912 1.476-0.934 0.304-1.628 0-1.628 0.76 0 0.304 0.239 0.521 0.716 0.521 0.586 0 1.824-0.239 3.604-0.239 1.476 0 2.801 0.239 3.908 0.239 0.586 0 0.868-0.239 0.868-0.521 0-0.76-0.803-0.456-1.932-0.76-0.868-0.239-1.042-0.521-1.042-1.476v-4.906l0.239-0.109c1.172 0.521 2.388 0.782 3.734 0.782 5.21 0 8.814-3.669 8.814-8.662-0.022-4.646-3.083-7.859-7.056-7.859v0zM58.073 23.989c-2.258 0-3.495-1.107-3.495-3.256v-6.426c0-2.323 1.107-3.43 3.495-3.43 3.387 0 5.688 2.497 5.688 6.469 0.022 3.908-2.301 6.643-5.688 6.643z"></path><path fill="#333" d="M105.531 21.97c-0.239 0-0.695 0.651-1.303 0.651-0.347 0-0.543-0.456-0.543-1.389v-17.845c0-0.89 0.13-1.693 0.13-2.345 0-0.456-0.13-0.651-0.521-0.651-0.282 0-1.216 0.695-3.148 1.237-1.216 0.347-1.976 0.391-1.976 0.89 0 0.347 0.586 0.304 1.281 0.63 0.586 0.282 0.651 0.478 0.651 1.346v4.081c0 0.347-0.152 0.521-0.326 0.521h-0.109l-0.543-0.174c-0.651-0.195-1.693-0.391-2.909-0.391-5.015 0-8.814 3.669-8.814 8.51 0 4.689 3.387 7.989 7.924 7.989 2.909 0 4.45-1.563 4.689-1.563 0.347 0 0.412 1.498 1.042 1.498 0.347 0 1.563-0.716 3.777-1.346 0.651-0.174 1.064-0.239 1.064-1.042 0.022-0.369-0.195-0.608-0.369-0.608v0zM100.19 20.016c0 2.41-0.174 3.408-2.692 3.408-3.799 0-6.122-2.453-6.122-6.491 0-4.45 2.41-7.403 5.427-7.403 2.974 0 3.387 1.693 3.387 5.189v5.297z"></path><path fill="#5ea000" d="M86.1 16.478c0 4.82-3.908 8.706-8.706 8.706s-8.706-3.908-8.706-8.706c0-4.798 3.886-8.706 8.706-8.706s8.706 3.886 8.706 8.706z"></path><path fill="#333" d="M108.027 3.995c-1.107 0-1.997-0.89-1.997-1.997s0.89-1.997 1.997-1.997c1.107 0 1.997 0.89 1.997 1.997s-0.89 1.997-1.997 1.997zM108.027 0.304c-0.955 0-1.693 0.76-1.693 1.693s0.76 1.693 1.693 1.693c0.933 0 1.693-0.76 1.693-1.693 0-0.955-0.76-1.693-1.693-1.693zM108.57 3.148l-0.586-0.912h-0.391v0.912h-0.326v-2.301h0.933c0.391 0 0.738 0.282 0.738 0.695 0 0.499-0.456 0.673-0.586 0.673l0.608 0.912h-0.391zM108.201 1.129h-0.608v0.825h0.608c0.195 0 0.412-0.152 0.412-0.391 0-0.26-0.217-0.434-0.412-0.434z"></path></g></g></svg></div></div></a><!----><div class="global-header_dropdown-container spyglass-nav-group_wrapper"><ul aria-label="main" class="global-header_list visible-above-1200"><li class="nav-item global-header_nav-item"><button id="nav-browse-aisles" aria-haspopup="true" class="nav-item_button">
  Browse Aisles
  <!----><div class="nav-item_caret"><div class="vector-icon-size--medium"><svg xmlns="http://www.w3.org/2000/svg" aria-label="down arrow" viewBox="0 0 32 32" role="presentation" aria-hidden="true" focusable="false" class=""><title lang="en">
      down arrow
    </title><desc></desc><g fill="" stroke="#567A1F"><polyline fill="none" stroke-width="2" stroke-linecap="square" transform="translate(16.485250, 16.242750) rotate(-270.000000) translate(-16.485250, -16.242750) " points="12.2425 7.7575 20.728 16.2425 12.2425 24.728"></polyline></g></svg></div></div><div class="nav-item_caret" style="display: none;"><div class="vector-icon-size--medium"><svg xmlns="http://www.w3.org/2000/svg" aria-label="down up" viewBox="0 0 32 32" role="presentation" aria-hidden="true" focusable="false" class=""><title lang="en">
      down up
    </title><desc></desc><g fill="" stroke="#567A1F"><polyline fill="none" stroke-width="2" stroke-linecap="square" transform="translate(16.485250, 16.242750) rotate(-90.000000) translate(-16.485250, -16.242750) " points="12.2425 7.7575 20.728 16.2425 12.2425 24.728"></polyline></g></svg></div></div></button></li><li class="nav-item global-header_nav-item"><a id="nav-my-shop" href="https://www.peapod.com/#" class="nav-item_link">
  My Shop
  <!----><!----><!----></a></li></ul><!----><div style="display: none;"><div class="spyglass_container spyglass_container--nav-group-type" style="position: fixed; display: none;"><h3>Container/Scheduler</h3><ul><li><span class="spyglass_label">Scheduled Id</span>:
  <a href="http://jiracore.peapod.com/browse/CS-70274" target="_blank" class="spyglass_jira-id-link">
    CS-70274
  </a><!----><!----></li><li><span class="spyglass_label">Container Id</span>:
  <a href="http://jiracore.peapod.com/browse/CS-70271" target="_blank" class="spyglass_jira-id-link">
    CS-70271
  </a><!----><!----></li><li><span class="spyglass_label">Start Date</span>:
  <!----><!----><span>2019-06-10</span></li><li><span class="spyglass_label">End Date</span>:
  <!----><!----><span>2029-06-11</span></li><li><span class="spyglass_label">Module Type</span>:
  <!----><!----><span>Content: Nav Group</span></li><li><span class="spyglass_label">Site Location</span>:
  <!----><!----><span>header_mainnav</span></li><li><span class="spyglass_label">Customer Status</span>:
  <!----><!----><span>New Customer,Existing Customer</span></li><li><span class="spyglass_label">Customer Type</span>:
  <!----><!----><span>Consumer,Merchant</span></li></ul><!----></div><div class="spyglass-toggle-tab">
  OPEN INFO
</div></div></div><div class="global-header_resizable-section"><div class="global-header_search"><div class="typeahead-container"><div class="typeahead-container_input"><div class="typeahead-container_input-field"><div class="vector-icon-size--small typeahead-container_input-search-icon"><svg xmlns="http://www.w3.org/2000/svg" aria-label="Search" viewBox="0 0 28 28" role="presentation" aria-hidden="true" focusable="false" class=""><title lang="en">
      Search
    </title><desc></desc><g fill="" stroke=""><g><circle fill="none" cx="13.88" cy="13.66" r="9.28"></circle><line x1="25.85" y1="25.63" x2="20.77" y2="20.54"></line></g></g></svg></div><input id="typeahead-search-input" type="text" placeholder="Search" autocomplete="off"><label for="typeahead-search-input" aria-hidden="true" class="element-invisible">
        Search by 
      </label><!----><!----><!----><!----></div><!----></div></div></div></div><div class="global-header_account-container spyglass-nav-group_wrapper"><button id="header-account-button" aria-haspopup="true" class="account-button visible-above-1200"><div class="account-button_image"><div class=""><svg xmlns="http://www.w3.org/2000/svg" aria-label="My Account Icon" viewBox="0 0 20.7 22.1" role="presentation" aria-hidden="true" focusable="false" class=""><title lang="en">
      My Account Icon
    </title><desc></desc><g fill="" stroke=""><g><path d="M25.1,25.6H4.4l0.1-1.1C4.9,19.2,9.4,15,14.8,15s9.9,4.2,10.3,9.6L25.1,25.6z M6.6,23.6h16.3
    c-0.8-3.8-4.2-6.7-8.1-6.7S7.4,19.8,6.6,23.6z M14.8,14.5c-3,0-5.5-2.5-5.5-5.5s2.5-5.5,5.5-5.5c3,0,5.5,2.5,5.5,5.5
    S17.8,14.5,14.8,14.5z M14.8,5.5c-1.9,0-3.5,1.6-3.5,3.5s1.6,3.5,3.5,3.5c1.9,0,3.5-1.6,3.5-3.5S16.7,5.5,14.8,5.5z" fill="#9B9B9B" transform="translate(-4.5, -3.5)"></path></g></g></svg></div></div>
  Guest
</button><!----><div style="display: none;"><div class="spyglass_container spyglass_container--nav-group-type" style="position: fixed; display: none;"><h3>Container/Scheduler</h3><ul><li><span class="spyglass_label">Scheduled Id</span>:
  <a href="http://jiracore.peapod.com/browse/CS-70295" target="_blank" class="spyglass_jira-id-link">
    CS-70295
  </a><!----><!----></li><li><span class="spyglass_label">Container Id</span>:
  <a href="http://jiracore.peapod.com/browse/CS-70289" target="_blank" class="spyglass_jira-id-link">
    CS-70289
  </a><!----><!----></li><li><span class="spyglass_label">Start Date</span>:
  <!----><!----><span>2019-06-10</span></li><li><span class="spyglass_label">End Date</span>:
  <!----><!----><span>2029-06-11</span></li><li><span class="spyglass_label">Module Type</span>:
  <!----><!----><span>Content: Nav Group</span></li><li><span class="spyglass_label">Site Location</span>:
  <!----><!----><span>header_guestnav</span></li><li><span class="spyglass_label">Customer Status</span>:
  <!----><!----><span>New Customer,Existing Customer</span></li><li><span class="spyglass_label">Customer Type</span>:
  <!----><!----><span>Consumer,Merchant</span></li></ul><!----></div><div class="spyglass-toggle-tab">
  OPEN INFO
</div></div></div><button type="button" class="global-header_cart-button-container btn btn--primary btn--small btn--block"><div class="cart-button-content"><div class="cart-button-content_text">
      $0.00
    </div><div class="cart-button-content_icon"><svg xmlns="http://www.w3.org/2000/svg" aria-label="cart" viewBox="0 0 36.58 32" role="presentation" aria-hidden="true" focusable="false" class=""><title lang="en">
      cart
    </title><desc></desc><g fill="white" stroke=""><g><path d="M6.92,29.71a2.29,2.29,0,1,0,2.29-2.29A2.29,2.29,0,0,0,6.92,29.71Zm20.57,0a2.29,2.29,0,1,0,2.29-2.29A2.29,2.29,0,0,0,27.5,29.71ZM0,1.14A1.14,1.14,0,0,0,1.14,2.29H3.52L4.94,8.36l2,9.93a2.11,2.11,0,0,0,.05.24L5.81,23.75a1.1,1.1,0,0,0,0,.25,1.14,1.14,0,0,0,1.14,1.14H32.85a1.14,1.14,0,1,0,0-2.29H8.35l.52-2.35.33.07H30l.35,0a2.37,2.37,0,0,0,2.28-1.72l3.72-11.4a2,2,0,0,0,.2-.88,2,2,0,0,0-2-2H6.92a2.18,2.18,0,0,0-.52.11L5.53.88A1.15,1.15,0,0,0,4.42,0H1.14A1.14,1.14,0,0,0,0,1.14ZM7,6.86H34.18l-3.65,11.2a2,2,0,0,1-.11.23H9.21v-.23l0-.22Z" transform="translate(0 0)"></path></g></g></svg></div></div></button></nav></header><!----></div></global-header><!----><div class="flex-content_row" aria-hidden=""><suppressable-header suppression-enabled="isDesktop() &amp;&amp; ! isJSContextEnabled() &amp;&amp; header.suppressionEnabled"><div class="suppressable_header-container"><div class="suppressable_header" ng-transclude=""><!----><div class="animatable-view-animation" modal-input-manager="" aria-hidden=""><!----><site-subheader-content class="" style=""><div ng-controller="ProductViewSubheaderController"><header-pane type="&#39;subheader&#39;" size="getDynamicHeaderHeight()" layout="isMobile() ? &#39;relative-table&#39; : &#39;primary&#39;" site="false"><!----><div ng-if="!headerPaneCtrl.isSiteHeader()" class="header-pane_wrapper header-theme--subheader header-layout--primary header-size--tall" ng-class="[ &#39;header-theme--&#39; + headerPaneCtrl.type, &#39;header-layout--&#39; + headerPaneCtrl.layout, &#39;header-size--&#39; + headerPaneCtrl.size ]" style=""><div class="header-pane_content" ng-transclude=""><header-section position="left" class="header-pane_section-wrapper"><div class="header-pane_section header-pane_section--left" ng-class="[&#39;header-pane_section--&#39; + headerSectionCtrl.position, headerSectionCtrl.headerPaneCtrl.sectionCount() === 1 ? &#39;header-pane_section--full-width&#39; : &#39;&#39;, headerSectionCtrl.isPickup ? &#39;header-pane_section--pickup&#39; : &#39;&#39;]" ng-transclude=""><header-module><div class="header-section_module header-section_module--tall" ng-class="[ &#39;header-section_module--&#39; + headerModuleCtrl.headerPaneCtrl.size, headerModuleCtrl.centerContent ? &#39;header-section_module--centered&#39; : &#39;&#39;, headerModuleCtrl.clipToParent ? &#39;header-section_module--clip-to-parent&#39; : &#39;&#39; ]" ng-transclude=""><!----><button ng-if="!isExpressShop" js-context-back-handler="" class="header-content_button button button--darker-grey button-width--flex" ng-click="back()" aria-label="Go Back" tabindex="0"><div class="vector-icon_outer-wrapper" svg-id="arrow_carrot-left" svg-class="vector-icon-color--white" container-class="vector-icon-size--small" svg-title="Arrow Left" svg-description="Arrow Left" svg-role="presentation" svg-aria-hidden="true"><div class="vector-icon_container vector-icon-size--small"><svg version="1.1" x="0px" y="0px" focusable="false" viewBox="0 0 580 1024" class="vector-icon-color--white" role="presentation" aria-hidden="true"><title>Arrow Left</title><desc>Arrow Left</desc><path d="M19.964 560.51l443.458 443.458c26.665 26.665 70.012 26.665 96.677 0s26.665-70.012 0-96.677l-395.324-395.324 395.324-395.324c26.665-26.665 26.665-70.012 0-96.677s-70.012-26.665-96.677 0l-443.458 443.526c-13.401 13.332-19.964 30.904-19.964 48.475s6.564 35.143 19.964 48.544z" class="path1"></path></svg></div></div></button><!----> <!----></div></header-module><!----><header-module ng-if="model.isInStorePurcLoading !== true &amp;&amp; model.asyncSetupLoading !== true &amp;&amp; (isFullTablet() || isDesktop()) &amp;&amp; model.showViewSwitcher"><div class="header-section_module header-section_module--tall" ng-class="[ &#39;header-section_module--&#39; + headerModuleCtrl.headerPaneCtrl.size, headerModuleCtrl.centerContent ? &#39;header-section_module--centered&#39; : &#39;&#39;, headerModuleCtrl.clipToParent ? &#39;header-section_module--clip-to-parent&#39; : &#39;&#39; ]" ng-transclude=""><div class="product-view-switcher_container" role="listbox" aria-label="Product view type" tabindex="0" aria-activedescendant="product-view-switcher-grid"><button class="button product-view-switcher_button product-view-switcher_button--left" id="product-view-switcher-grid" role="option" ng-class="{&#39;product-view-switcher_button--active&#39; : model.viewType === &#39;list&#39;}" ng-disabled="model.viewType === &#39;list&#39;" aria-disabled="false" ng-click="model.toggleViewType()" aria-label="View as list" aria-selected="false" tabindex="0"><div class="vector-icon_no-events vector-icon_outer-wrapper" svg-id="icon_ul" svg-class="vector-icon-color--white" container-class="vector-icon-size--small" svg-title="List Icon" svg-description="List Icon" svg-role="presentation" svg-aria-hidden="true"><div class="vector-icon_container vector-icon-size--small"><svg version="1.1" x="0px" y="0px" focusable="false" viewBox="0 0 1365 1024" class="vector-icon-color--white" role="presentation" aria-hidden="true"><title>List Icon</title><desc>List Icon</desc><path d="M398.222 568.889h910.222c34.133 0 56.889-22.756 56.889-56.889s-22.756-56.889-56.889-56.889h-910.222c-34.133 0-56.889 22.756-56.889 56.889s22.756 56.889 56.889 56.889zM398.222 113.778h910.222c34.133 0 56.889-22.756 56.889-56.889s-22.756-56.889-56.889-56.889h-910.222c-34.133 0-56.889 22.756-56.889 56.889s22.756 56.889 56.889 56.889zM398.222 1024h910.222c34.133 0 56.889-22.756 56.889-56.889s-22.756-56.889-56.889-56.889h-910.222c-34.133 0-56.889 22.756-56.889 56.889s22.756 56.889 56.889 56.889zM0 56.889c0 34.133 22.756 56.889 56.889 56.889s56.889-22.756 56.889-56.889-22.756-56.889-56.889-56.889-56.889 22.756-56.889 56.889zM0 512c0 34.133 22.756 56.889 56.889 56.889s56.889-22.756 56.889-56.889-22.756-56.889-56.889-56.889-56.889 22.756-56.889 56.889zM0 967.111c0 34.133 22.756 56.889 56.889 56.889s56.889-22.756 56.889-56.889-22.756-56.889-56.889-56.889-56.889 22.756-56.889 56.889z" class="path1"></path></svg></div></div></button> <button class="button product-view-switcher_button product-view-switcher_button--right product-view-switcher_button--active" id="product-view-switcher-list" role="option" ng-class="{&#39;product-view-switcher_button--active&#39; : model.viewType == &#39;grid&#39;}" ng-disabled="model.viewType === &#39;grid&#39;" aria-disabled="true" ng-click="model.toggleViewType()" aria-label="View as grid" aria-selected="true" tabindex="0" disabled="disabled"><div class="vector-icon_no-events vector-icon_outer-wrapper" svg-id="icon_grid-2x2" svg-class="vector-icon-color--white" container-class="vector-icon-size--small" svg-title="List Icon" svg-description="List Icon" svg-role="presentation" svg-aria-hidden="true"><div class="vector-icon_container vector-icon-size--small"><svg version="1.1" x="0px" y="0px" focusable="false" viewBox="0 0 1024 1024" class="vector-icon-color--white" role="presentation" aria-hidden="true"><title>List Icon</title><desc>List Icon</desc><path d="M85.333 426.667h256c47.128 0 85.333-38.205 85.333-85.333v-256c0-47.128-38.205-85.333-85.333-85.333h-256c-47.128 0-85.333 38.205-85.333 85.333v256c0 47.128 38.205 85.333 85.333 85.333zM682.667 426.667h256c47.128 0 85.333-38.205 85.333-85.333v-256c0-47.128-38.205-85.333-85.333-85.333h-256c-47.128 0-85.333 38.205-85.333 85.333v256c0 47.128 38.205 85.333 85.333 85.333zM0 938.667c0 47.128 38.205 85.333 85.333 85.333h256c47.128 0 85.333-38.205 85.333-85.333v-256c0-47.128-38.205-85.333-85.333-85.333h-256c-47.128 0-85.333 38.205-85.333 85.333v256zM597.333 938.667c0 47.128 38.205 85.333 85.333 85.333h256c47.128 0 85.333-38.205 85.333-85.333v-256c0-47.128-38.205-85.333-85.333-85.333h-256c-47.128 0-85.333 38.205-85.333 85.333v256z" class="path1"></path></svg></div></div></button></div></div></header-module><!----></div></header-section><!----><header-section position="center" ng-if="!(model.isEciGroup || model.isProdGroup || model.isStoreOffer)" class="header-pane_section-wrapper"><div class="header-pane_section header-pane_section--center" ng-class="[&#39;header-pane_section--&#39; + headerSectionCtrl.position, headerSectionCtrl.headerPaneCtrl.sectionCount() === 1 ? &#39;header-pane_section--full-width&#39; : &#39;&#39;, headerSectionCtrl.isPickup ? &#39;header-pane_section--pickup&#39; : &#39;&#39;]" ng-transclude=""><!----><!----><header-module ng-if="isNotMobile()" center="true"><div class="header-section_module header-section_module--tall header-section_module--centered" ng-class="[ &#39;header-section_module--&#39; + headerModuleCtrl.headerPaneCtrl.size, headerModuleCtrl.centerContent ? &#39;header-section_module--centered&#39; : &#39;&#39;, headerModuleCtrl.clipToParent ? &#39;header-section_module--clip-to-parent&#39; : &#39;&#39; ]" ng-transclude=""><div class="header-content_text--vert-middle"><!----><h1 route-focus-default="" aria-live="polite" aria-label="Content Update" class="header-content_title--tall header-content_text--white header-content_text--truncate" ng-bind="model.headerText[screenType]" ng-if="model.headerText[screenType]" id="aria_header-content-title" tabindex="-1">Organic Snacks &amp; Candy</h1><!----></div></div></header-module><!----></div></header-section><!----><!----><header-section position="right" ng-if="isNotMobile() &amp;&amp; model.isInStorePurcLoading !== true &amp;&amp; model.asyncSetupLoading !== true" class="header-pane_section-wrapper"><div class="header-pane_section header-pane_section--right" ng-class="[&#39;header-pane_section--&#39; + headerSectionCtrl.position, headerSectionCtrl.headerPaneCtrl.sectionCount() === 1 ? &#39;header-pane_section--full-width&#39; : &#39;&#39;, headerSectionCtrl.isPickup ? &#39;header-pane_section--pickup&#39; : &#39;&#39;]" ng-transclude=""><!----></div></header-section><!----></div></div><!----><!----></header-pane></div></site-subheader-content><!-- end SiteSubheaderController--></div></div></div></suppressable-header></div><main class="flex-content_row--expanded" aria-hidden="" role="main" id="old-browser-wrapper"><!----><div ng-view="" view-animations="" modal-input-manager="" class="container--reset-z-position container--clip-additional-height  animatable-view-animation view-animator" id="main-content" tabindex="-1" style=""><div class="container--full-height" ng-switch="" on="screenType" tabindex="-1"><!----><div ng-switch-default="" class="container--full-height"><div class="flex-content_container container--full-height"><!----><div class="flex-content_row--expanded container--full-height"><!----><ng-switch on="!! config.sidebarTemplate[screenType]" ng-if="config.isFullWidth != true"><!----><div ng-switch-when="true"><!----><ng-include src="config.sidebarTemplate[screenType]"><div class="flex-menu_wrapper flex-menu"><ul class="flex-content_container container--full-height container--full-width list--border-right flex-menu_loading-spinner" role="list"><!----><li ng-repeat="productGroup in productData.ancestorProductGroups" ng-switch="isItemClickable(productGroup)" ng-class="{ &#39;flex-content_row--expanded full-height&#39; : $last }" role="listitem"><div ng-class="$last ? &#39;container--absolutely-fill&#39; : &#39;&#39;"><div ng-class="{ &#39;flex-content_container container--full-height container--full-width&#39; : $last, &#39;no-animation&#39;: productData.isProductGroupSelected || $first || infiniteScrollActive }" class="no-animation"><div class="item-container_ancestor"><!----><!----><div ng-switch-when="true" ng-click="selectGroup(productGroup)" loading="true" foreground-color="third-text" background-color="lightest-grey"><a class="flex-menu_link" href="https://www.peapod.com/" aria-expanded="false" role="button"><div class="flex-menu_link-content"><span ng-class="{ &#39;selected&#39;: loading }">All Aisles</span> <!----><span ng-if="!loading" class="vector-icon_list-arrow-wrapper" aria-hidden="true"><div class="vector-icon_outer-wrapper" svg-id="arrow_carrot-down" svg-class="vector-icon-color--accordion-arrow" container-class="vector-icon-size--xsmall" svg-title="" svg-description="" svg-role="presentation" svg-aria-hidden="true"><div class="vector-icon_container vector-icon-size--xsmall"><svg version="1.1" x="0px" y="0px" focusable="false" viewBox="0 0 1807 1024" class="vector-icon-color--accordion-arrow" role="presentation" aria-hidden="true"><title></title><desc></desc><path d="M1601.471 35.36l-697.792 697.792-697.792-697.792c-47.067-47.067-123.58-47.067-170.647 0s-47.067 123.58 0 170.647l782.754 782.754c23.654 23.654 54.79 35.481 85.685 35.24 31.136 0 62.031-11.586 85.685-35.24l782.754-782.754c47.067-47.067 47.067-123.58 0-170.647-47.067-47.187-123.459-47.187-170.647 0z" class="path1"></path></svg></div></div></span><!----></div></a></div><!----></div><!----></div></div></li><!----><li ng-repeat="productGroup in productData.ancestorProductGroups" ng-switch="isItemClickable(productGroup)" ng-class="{ &#39;flex-content_row--expanded full-height&#39; : $last }" role="listitem" class="flex-content_row--expanded full-height"><div ng-class="$last ? &#39;container--absolutely-fill&#39; : &#39;&#39;" class="container--absolutely-fill"><div ng-class="{ &#39;flex-content_container container--full-height container--full-width&#39; : $last, &#39;no-animation&#39;: productData.isProductGroupSelected || $first || infiniteScrollActive }" class="flex-content_container container--full-height container--full-width no-animation"><div class="item-container_ancestor"><!----><div ng-switch-default=""><a class="flex-menu_link" href="https://www.peapod.com/" aria-expanded="true" role="button"><div class="flex-menu_link-content"><!----> Snacks &amp; Candy <span class="vector-icon_list-arrow-wrapper" aria-hidden="true"><div class="vector-icon_outer-wrapper" svg-id="arrow_carrot-up" svg-class="vector-icon-color--accordion-arrow" container-class="vector-icon-size--xsmall" svg-title="" svg-description="" svg-role="presentation" svg-aria-hidden="true"><div class="vector-icon_container vector-icon-size--xsmall"><svg version="1.1" x="0px" y="0px" focusable="false" viewBox="0 0 1808 1024" class="vector-icon-color--accordion-arrow" role="presentation" aria-hidden="true"><title></title><desc></desc><path d="M206.031 988.756l697.875-697.875 697.875 697.875c47.072 47.072 123.595 47.072 170.667 0s47.072-123.595 0-170.667l-782.967-782.846c-23.536-23.657-54.435-35.244-85.575-35.244s-62.039 11.587-85.695 35.244l-782.846 782.846c-47.072 47.072-47.072 123.595 0 170.667s123.595 47.072 170.667 0z" class="path1"></path></svg></div></div></span></div></a></div><!----><!----></div><!----><div ng-if="$last" class="flex-content_row flex-content_row--expanded full-height"><div class="container--absolutely-fill"><div class="scrollable"><div class="scrollable-content"><ul ppd-remember-scroll-position-for-route="" collection-model="productData.productGroups" ng-class="{ &#39;no-animation&#39;: productData.isProductGroupSelected }" class="no-animation" role="list"><!----><li ng-repeat="productGroup in productData.prependedProductGroups" ng-switch="productGroup.isSelected()" role="listitem"><div ng-class="{ &#39;item-container_child--prepend--with-image&#39; : productData.ancestorProductGroups.length === 1 }" class="item-container_child item-container_child--prepend"><!----><a ng-switch-default="" ng-click="blockingSelectGroup(productGroup)" ng-class="{ &#39;selected&#39;: productGroup.isSelected() || loading }" class="flex-menu_link flex-menu_link--prepend" loading="true" foreground-color="third-text" background-color="white" href="https://www.peapod.com/" role="button" tabindex="0"><div class="flex-menu_link-content">New Arrivals</div></a><!----> <!----></div></li><!----><li ng-repeat="productGroup in productData.prependedProductGroups" ng-switch="productGroup.isSelected()" role="listitem"><div ng-class="{ &#39;item-container_child--prepend--with-image&#39; : productData.ancestorProductGroups.length === 1 }" class="item-container_child item-container_child--prepend"><!----> <!----><a ng-switch-when="true" class="flex-menu_link selected" role="button"><span class="element-invisible">Selected</span><div class="flex-menu_link-content">Organic <span class="vector-icon_list-arrow-wrapper" aria-hidden="true"><div class="vector-icon_outer-wrapper" svg-id="arrow_carrot-right" svg-class="vector-icon-color--second-text" container-class="vector-icon-size--xsmall" svg-title="" svg-description="" svg-role="presentation" svg-aria-hidden="true"><div class="vector-icon_container vector-icon-size--xsmall"><svg version="1.1" x="0px" y="0px" focusable="false" viewBox="0 0 580 1024" class="vector-icon-color--second-text" role="presentation" aria-hidden="true"><title></title><desc></desc><path d="M20.033 1003.967c26.665 26.665 70.012 26.665 96.677 0l443.458-443.458c13.401-13.401 20.101-31.041 19.964-48.544 0-17.64-6.564-35.143-19.964-48.544l-443.458-443.389c-26.665-26.665-70.012-26.665-96.677 0s-26.665 70.012 0 96.677l395.324 395.324-395.324 395.324c-26.665 26.665-26.665 70.012-0 96.609z" class="path1"></path></svg></div></div></span></div></a><!----></div></li><!----><!----><li ng-repeat="productGroup in productData.productGroups" ng-switch="productGroup[productData.productGroupId] == productData.selectedProductGroup[productData.productGroupId]" aria-label="Chips" role="listitem"><div ng-class="{ &#39;item-container_child--with-image&#39; : productData.ancestorProductGroups.length === 1, &#39;item-container_child--last&#39; : $last }" class="item-container_child"><!----><a ng-switch-default="" ng-click="selectGroup(productGroup)" class="flex-menu_link" loading="true" foreground-color="third-text" background-color="white" href="https://www.peapod.com/" role="button" tabindex="0"><div class="flex-menu_link-content"><!----><div ng-class="{&#39;flex-menu_text--with-image&#39; : productData.ancestorProductGroups.length === 1, &#39;selected&#39; : loading }" class="category-text flex-menu_text">Chips</div></div></a><!----> <!----></div></li><!----><li ng-repeat="productGroup in productData.productGroups" ng-switch="productGroup[productData.productGroupId] == productData.selectedProductGroup[productData.productGroupId]" aria-label="Crackers" role="listitem"><div ng-class="{ &#39;item-container_child--with-image&#39; : productData.ancestorProductGroups.length === 1, &#39;item-container_child--last&#39; : $last }" class="item-container_child"><!----><a ng-switch-default="" ng-click="selectGroup(productGroup)" class="flex-menu_link" loading="true" foreground-color="third-text" background-color="white" href="https://www.peapod.com/" role="button" tabindex="0"><div class="flex-menu_link-content"><!----><div ng-class="{&#39;flex-menu_text--with-image&#39; : productData.ancestorProductGroups.length === 1, &#39;selected&#39; : loading }" class="category-text flex-menu_text">Crackers</div></div></a><!----> <!----></div></li><!----><li ng-repeat="productGroup in productData.productGroups" ng-switch="productGroup[productData.productGroupId] == productData.selectedProductGroup[productData.productGroupId]" aria-label="Cookies" role="listitem"><div ng-class="{ &#39;item-container_child--with-image&#39; : productData.ancestorProductGroups.length === 1, &#39;item-container_child--last&#39; : $last }" class="item-container_child"><!----><a ng-switch-default="" ng-click="selectGroup(productGroup)" class="flex-menu_link" loading="true" foreground-color="third-text" background-color="white" href="https://www.peapod.com/" role="button" tabindex="0"><div class="flex-menu_link-content"><!----><div ng-class="{&#39;flex-menu_text--with-image&#39; : productData.ancestorProductGroups.length === 1, &#39;selected&#39; : loading }" class="category-text flex-menu_text">Cookies</div></div></a><!----> <!----></div></li><!----><li ng-repeat="productGroup in productData.productGroups" ng-switch="productGroup[productData.productGroupId] == productData.selectedProductGroup[productData.productGroupId]" aria-label="Dips, Hummus &amp; Spreads" role="listitem"><div ng-class="{ &#39;item-container_child--with-image&#39; : productData.ancestorProductGroups.length === 1, &#39;item-container_child--last&#39; : $last }" class="item-container_child"><!----><a ng-switch-default="" ng-click="selectGroup(productGroup)" class="flex-menu_link" loading="true" foreground-color="third-text" background-color="white" href="https://www.peapod.com/" role="button" tabindex="0"><div class="flex-menu_link-content"><!----><div ng-class="{&#39;flex-menu_text--with-image&#39; : productData.ancestorProductGroups.length === 1, &#39;selected&#39; : loading }" class="category-text flex-menu_text">Dips, Hummus &amp; Spreads</div></div></a><!----> <!----></div></li><!----><li ng-repeat="productGroup in productData.productGroups" ng-switch="productGroup[productData.productGroupId] == productData.selectedProductGroup[productData.productGroupId]" aria-label="Granola &amp; Nutrition Bars" role="listitem"><div ng-class="{ &#39;item-container_child--with-image&#39; : productData.ancestorProductGroups.length === 1, &#39;item-container_child--last&#39; : $last }" class="item-container_child"><!----><a ng-switch-default="" ng-click="selectGroup(productGroup)" class="flex-menu_link" loading="true" foreground-color="third-text" background-color="white" href="https://www.peapod.com/" role="button" tabindex="0"><div class="flex-menu_link-content"><!----><div ng-class="{&#39;flex-menu_text--with-image&#39; : productData.ancestorProductGroups.length === 1, &#39;selected&#39; : loading }" class="category-text flex-menu_text">Granola &amp; Nutrition Bars</div></div></a><!----> <!----></div></li><!----><li ng-repeat="productGroup in productData.productGroups" ng-switch="productGroup[productData.productGroupId] == productData.selectedProductGroup[productData.productGroupId]" aria-label="Pretzels &amp; Popcorn" role="listitem"><div ng-class="{ &#39;item-container_child--with-image&#39; : productData.ancestorProductGroups.length === 1, &#39;item-container_child--last&#39; : $last }" class="item-container_child"><!----><a ng-switch-default="" ng-click="selectGroup(productGroup)" class="flex-menu_link" loading="true" foreground-color="third-text" background-color="white" href="https://www.peapod.com/" role="button" tabindex="0"><div class="flex-menu_link-content"><!----><div ng-class="{&#39;flex-menu_text--with-image&#39; : productData.ancestorProductGroups.length === 1, &#39;selected&#39; : loading }" class="category-text flex-menu_text">Pretzels &amp; Popcorn</div></div></a><!----> <!----></div></li><!----><li ng-repeat="productGroup in productData.productGroups" ng-switch="productGroup[productData.productGroupId] == productData.selectedProductGroup[productData.productGroupId]" aria-label="Candy, Gum &amp; Mints" role="listitem"><div ng-class="{ &#39;item-container_child--with-image&#39; : productData.ancestorProductGroups.length === 1, &#39;item-container_child--last&#39; : $last }" class="item-container_child"><!----><a ng-switch-default="" ng-click="selectGroup(productGroup)" class="flex-menu_link" loading="true" foreground-color="third-text" background-color="white" href="https://www.peapod.com/" role="button" tabindex="0"><div class="flex-menu_link-content"><!----><div ng-class="{&#39;flex-menu_text--with-image&#39; : productData.ancestorProductGroups.length === 1, &#39;selected&#39; : loading }" class="category-text flex-menu_text">Candy, Gum &amp; Mints</div></div></a><!----> <!----></div></li><!----><li ng-repeat="productGroup in productData.productGroups" ng-switch="productGroup[productData.productGroupId] == productData.selectedProductGroup[productData.productGroupId]" aria-label="Dried Fruits, Raisins &amp; Fruit Snacks" role="listitem"><div ng-class="{ &#39;item-container_child--with-image&#39; : productData.ancestorProductGroups.length === 1, &#39;item-container_child--last&#39; : $last }" class="item-container_child"><!----><a ng-switch-default="" ng-click="selectGroup(productGroup)" class="flex-menu_link" loading="true" foreground-color="third-text" background-color="white" href="https://www.peapod.com/" role="button" tabindex="0"><div class="flex-menu_link-content"><!----><div ng-class="{&#39;flex-menu_text--with-image&#39; : productData.ancestorProductGroups.length === 1, &#39;selected&#39; : loading }" class="category-text flex-menu_text">Dried Fruits, Raisins &amp; Fruit Snacks</div></div></a><!----> <!----></div></li><!----><li ng-repeat="productGroup in productData.productGroups" ng-switch="productGroup[productData.productGroupId] == productData.selectedProductGroup[productData.productGroupId]" aria-label="Nuts, Seeds, Granola &amp; Trail Mixes" role="listitem"><div ng-class="{ &#39;item-container_child--with-image&#39; : productData.ancestorProductGroups.length === 1, &#39;item-container_child--last&#39; : $last }" class="item-container_child"><!----><a ng-switch-default="" ng-click="selectGroup(productGroup)" class="flex-menu_link" loading="true" foreground-color="third-text" background-color="white" href="https://www.peapod.com/" role="button" tabindex="0"><div class="flex-menu_link-content"><!----><div ng-class="{&#39;flex-menu_text--with-image&#39; : productData.ancestorProductGroups.length === 1, &#39;selected&#39; : loading }" class="category-text flex-menu_text">Nuts, Seeds, Granola &amp; Trail Mixes</div></div></a><!----> <!----></div></li><!----><li ng-repeat="productGroup in productData.productGroups" ng-switch="productGroup[productData.productGroupId] == productData.selectedProductGroup[productData.productGroupId]" aria-label="Jerky &amp; Meat Snacks" role="listitem"><div ng-class="{ &#39;item-container_child--with-image&#39; : productData.ancestorProductGroups.length === 1, &#39;item-container_child--last&#39; : $last }" class="item-container_child"><!----><a ng-switch-default="" ng-click="selectGroup(productGroup)" class="flex-menu_link" loading="true" foreground-color="third-text" background-color="white" href="https://www.peapod.com/" role="button" tabindex="0"><div class="flex-menu_link-content"><!----><div ng-class="{&#39;flex-menu_text--with-image&#39; : productData.ancestorProductGroups.length === 1, &#39;selected&#39; : loading }" class="category-text flex-menu_text">Jerky &amp; Meat Snacks</div></div></a><!----> <!----></div></li><!----><li ng-repeat="productGroup in productData.productGroups" ng-switch="productGroup[productData.productGroupId] == productData.selectedProductGroup[productData.productGroupId]" aria-label="Snack Cakes &amp; Desserts" role="listitem"><div ng-class="{ &#39;item-container_child--with-image&#39; : productData.ancestorProductGroups.length === 1, &#39;item-container_child--last&#39; : $last }" class="item-container_child"><!----><a ng-switch-default="" ng-click="selectGroup(productGroup)" class="flex-menu_link" loading="true" foreground-color="third-text" background-color="white" href="https://www.peapod.com/" role="button" tabindex="0"><div class="flex-menu_link-content"><!----><div ng-class="{&#39;flex-menu_text--with-image&#39; : productData.ancestorProductGroups.length === 1, &#39;selected&#39; : loading }" class="category-text flex-menu_text">Snack Cakes &amp; Desserts</div></div></a><!----> <!----></div></li><!----><li ng-repeat="productGroup in productData.productGroups" ng-switch="productGroup[productData.productGroupId] == productData.selectedProductGroup[productData.productGroupId]" aria-label="Ready To Eat Pudding &amp; Gelatin" role="listitem"><div ng-class="{ &#39;item-container_child--with-image&#39; : productData.ancestorProductGroups.length === 1, &#39;item-container_child--last&#39; : $last }" class="item-container_child"><!----><a ng-switch-default="" ng-click="selectGroup(productGroup)" class="flex-menu_link" loading="true" foreground-color="third-text" background-color="white" href="https://www.peapod.com/" role="button" tabindex="0"><div class="flex-menu_link-content"><!----><div ng-class="{&#39;flex-menu_text--with-image&#39; : productData.ancestorProductGroups.length === 1, &#39;selected&#39; : loading }" class="category-text flex-menu_text">Ready To Eat Pudding &amp; Gelatin</div></div></a><!----> <!----></div></li><!----><li ng-repeat="productGroup in productData.productGroups" ng-switch="productGroup[productData.productGroupId] == productData.selectedProductGroup[productData.productGroupId]" aria-label="Ice Cream Cones &amp; Toppings" role="listitem"><div ng-class="{ &#39;item-container_child--with-image&#39; : productData.ancestorProductGroups.length === 1, &#39;item-container_child--last&#39; : $last }" class="item-container_child item-container_child--last"><!----><a ng-switch-default="" ng-click="selectGroup(productGroup)" class="flex-menu_link" loading="true" foreground-color="third-text" background-color="white" href="https://www.peapod.com/" role="button" tabindex="0"><div class="flex-menu_link-content"><!----><div ng-class="{&#39;flex-menu_text--with-image&#39; : productData.ancestorProductGroups.length === 1, &#39;selected&#39; : loading }" class="category-text flex-menu_text">Ice Cream Cones &amp; Toppings</div></div></a><!----> <!----></div></li><!----></ul></div></div></div></div><!----></div></div></li><!----></ul></div></ng-include></div><!----><!----></ng-switch><!----><!----><ng-switch on="!! config.viewTemplate[screenType]"><!----><div ng-switch-when="true" class="container--full-height"><!----><ng-include src="config.viewTemplate[screenType]"><div ng-controller="ProductViewSubheaderController" class="flex-content_container container--full-height"><div class="flex-content_row"><!----></div><!----><div class="flex-content_row--expanded" ng-class=" {&#39;product-specials_expanded-row&#39;: isSpecials} "><div class="browse-products" ng-class="{ &#39;full-width&#39;: config.isFullWidth == true, &#39;list&#39;: viewType == &#39;list&#39; &amp;&amp; (isFullTablet() || isDesktop()) }" generic-content="" content-data="productData.contentData" config="config.contentRegions.config" date="config.contentRegions.date" collection="productData.products" collection-categorized="productData.categorizedProductData" pagination="productData.pagination"><div class="flex-content_container container--full-height scrollable"><!----><sort-filter-medium ng-if="isTablet()" product-data="productData" is-eci-group="config.isEciGroup" is-prod-group="config.isProdGroup" modal-opener="openNamedModalView" is-store-offer="config.isStoreOffer"><!----><div ng-if="!sortFilterMedCtrl.isEciGroup &amp;&amp; !sortFilterMedCtrl.isProdGroup &amp;&amp; !sortFilterMedCtrl.isStoreOffer" class="flex-content_row sort-filter-subheader"><div class="sort-filter-subheader_item--inline product-view_count--wrapper" ng-controller="ProductViewRefineController"><span ng-controller="ProductSortTypeController" class="product-view_count" ng-class="{ &#39;no-border&#39;: flattenedFilters.length &gt; 0 }"><!----> <!----><span id="aria_summary-text" class="count" ng-if="!model.isSearch" tabindex="-1"><span>147 items</span> <!----> <!----> <!----></span><!----> <!----><span ng-if="sortFilterMedCtrl.productData.pagination.total &gt; 0 &amp;&amp; !sortFilterMedCtrl.isMiniTablet()"><span>&nbsp;Sorted by: <span class="text--base-third">Most Popular</span></span></span><!----></span></div><!----><div class="sort-filter-subheader_right" ng-if="sortFilterMedCtrl.model.showRefine === true &amp;&amp; sortFilterMedCtrl.model.showSort === true"><dropdown-datasource><div ng-controller="ProductViewRefineController" class="sort-filter-subheader_filter--combined-dropdown sort-filter-subheader_item--inline"><a ng-click="sortFilterMedCtrl.toggleDropdown()" ng-class="{&#39;sort-filter-subheader_filter-button--open&#39;: sortFilterMedCtrl.dropdownOpen, &#39;sort-filter-subheader_filter-button--black-top&#39;: sortFilterMedCtrl.showTopBorder }" id="sort-filter_filters-dropdown" class="sort-filter-subheader_filter-button" role="button" aria-expanded="false" ng-attr-aria-label="{{sortFilterMedCtrl.getFilterLabel()}}" tabindex="0" aria-label="click to open filters dropdown"><span ng-class="{&#39;sort-filter-subheader_filter--dropdown-header--open sort-filter-subheader_filter--dropdown-header--medium--open&#39;: sortFilterMedCtrl.dropdownOpen }" class="sort-filter-subheader_filter--dropdown-header sort-filter-subheader_filter--dropdown-header--medium"><span class="filters_title">Filter</span> <span class="vector-icon_list-arrow-wrapper vector-icon_accordion-arrow-wrapper" ng-class="{&#39;open&#39;: sortFilterMedCtrl.dropdownOpen }"><div class="vector-icon_outer-wrapper" svg-id="arrow_carrot-down" svg-class="vector-icon-color--second" container-class="vector-icon-size--accordion-arrow" svg-title="Arrow Icon" svg-description="Icon of arrow" svg-role="presentation" svg-aria-hidden="true"><div class="vector-icon_container vector-icon-size--accordion-arrow"><svg version="1.1" x="0px" y="0px" focusable="false" viewBox="0 0 1807 1024" class="vector-icon-color--second" role="presentation" aria-hidden="true"><title>Arrow Icon</title><desc>Icon of arrow</desc><path d="M1601.471 35.36l-697.792 697.792-697.792-697.792c-47.067-47.067-123.58-47.067-170.647 0s-47.067 123.58 0 170.647l782.754 782.754c23.654 23.654 54.79 35.481 85.685 35.24 31.136 0 62.031-11.586 85.685-35.24l782.754-782.754c47.067-47.067 47.067-123.58 0-170.647-47.067-47.187-123.459-47.187-170.647 0z" class="path1"></path></svg></div></div></span></span></a><!----></div></dropdown-datasource><!----><div class="sort-filter-subheader_medium-sort" ng-if="sortFilterMedCtrl.model.showSort"><div id="aria_sort-header" class="sort-filter-subheader_sort--header sort-filter-subheader_item--inline">Sort:</div><div class="sort-filter-subheader_item--inline sort-filter-subheader_sort--container"><div ng-controller="ProductSortTypeController"><div ng-class="{ &#39;sort-field--with-button&#39;: model.backButtonOverride }" class="filters_sort-field sort-field"><form class="filters_sort--select-box sort-field_select-box select-box select-box--white ng-pristine ng-valid" method="POST"><div ng-switch="" on="model.isNutritionPresent() &amp;&amp; model.containsFood()" class="select-field"><!----><select ng-switch-when="true" ng-model="model.sort.combinedSortType" aria-labelledby="aria_sort-header" ng-change="sortChange(model.sort.combinedSortType)" ng-options="sortType.value as sortType.name for sortType in model.getCombinedSortTypes()" options-disabled="sortType.disabled for sortType in model.getCombinedSortTypes()" id="filters_sort--select-input" class="select-text ng-pristine ng-untouched ng-valid ng-not-empty" tabindex="0"><option label="Most Popular" value="string:itemsPurchased desc, name asc" selected="selected">Most Popular</option><option label="Description" value="string:name asc">Description</option><option label="Price" value="string:price asc, name asc">Price</option><option label="Unit Price" value="string:unitPrice asc, name asc">Unit Price</option><option label="Specials" value="string:specials desc, name asc">Specials</option><option label="Calories" value="string:calories asc, name asc">Calories</option><option label="Fat" value="string:fat asc, name asc">Fat</option><option label="Carbohydrates" value="string:carbs asc, name asc">Carbohydrates</option><option label="Cholesterol" value="string:cholesterol asc, name asc">Cholesterol</option><option label="Dietary Fiber" value="string:fiber desc, name asc">Dietary Fiber</option><option label="Protein" value="string:protein desc, name asc">Protein</option><option label="Sodium" value="string:sodium asc, name asc">Sodium</option><option label="Sugar" value="string:sugar asc, name asc">Sugar</option></select><!----><!----></div><div class="select-box-arrow"></div></form></div></div></div></div><!----></div><!----></div><!----><!----></sort-filter-medium><!----><div class="flex-content_row--expanded scrollable" ppd-scroll-to-if="updatingProductSet" scroll-to="0" if-changed="viewType"><div class="scrollable-content container-size--medium" controls-header="true" keyboard-default="true" width-variable="breakpoint" width-values="widthBreakpoints.defaultBreakpoints" ng-class=" &#39;container-size--&#39; + breakpoint "><div><div ng-class="{ &#39;gc-content--prod-group&#39;: !!config.isProdGroup }"><!----><div ng-if="!!productData.contentData || !!config.contentRegions.config"><div generic-content-region="" region="browse_aisles_shelf_header" class="generic-content_wrapper"><div><div ng-class="methods.classForRegionSize(regionSize, ! content.model.contentData[&#39;browse_aisles_shelf_header&#39;], methods.contentLayouts(content.model.contentData[&#39;browse_aisles_shelf_header&#39;], regionSize).layout.length )" width-variable="regionSize" width-values="widthBreakpoints.defaultBreakpoints" class="generic-content_region-contents--medium generic-content_region-contents--hidden"><!----></div></div></div></div><!----></div><!----><div ng-controller="ProductViewRefineController"><!----></div></div><div ng-switch="!productData.contentData || ! productData.contentData.contentData[&#39;search_shelf_header&#39;] || productData.contentData.contentData[&#39;search_shelf_header&#39;].data.length === 0"><!----><!----><div ng-switch-when="true" ng-if="config.canShowAds &amp;&amp; !hasEmptySearchResult()"><div ng-switch="" on="adContentWidth" width-variable="adContentWidth" width-values="widthBreakpoints.defaultBreakpoints"><!----><div ng-switch-default=""><div class="generic-content_content-item-table" quotient-ad-datasource=""><div class="adsense_wrapper adsense_wrapper--alpha generic-content_content-item-table-cell"><div class="adsense_container" quotient-ad="" classes="!interwoven ? &#39;interweaved-content_leader
                interweaved-content_trailer&#39; : &#39;&#39;" size="[728,90]" cat-tree-id="productData.category.categoryTreeId" keywords="productData.keywords"><div id="gpt-ad-136" class="interweaved-content_leader
                interweaved-content_trailer" data-google-query-id="CI-r3OnxluMCFRLEwAodktkHUw"><div id="google_ads_iframe_/21698680737/peapod_0__container__" style="border: 0pt none;"><iframe id="google_ads_iframe_/21698680737/peapod_0" title="3rd party ad content" name="google_ads_iframe_/21698680737/peapod_0" width="728" height="90" scrolling="no" marginwidth="0" marginheight="0" frameborder="0" data-google-container-id="18" style="border: 0px; vertical-align: bottom;" data-load-complete="true" src="./Snacks_Candy_Organic_files/saved_resource.html"></iframe></div></div></div></div></div></div><!----><!----></div></div><!----><!----><!----></div><div ng-switch="" on="!! config.interweaveRegion"><!----><div ng-switch-when="true" generic-interweaved-content-region="" region="browse_aisles_shelf_content" options="{keywords: productData.keywords}"><div class="product-view" ng-class="{ &#39;past-purchases-grid-view&#39; : !!config.ppTimes }"><!----><!----><!----><!----><!----><!----><!----><!----><div product-collection-renderer="" hooklogic-ad-params="" ad-logging="true" cart-log-location="ORGANIC" cart-log-information="{&quot;catPath&quot;:&quot;1,2543&quot;}" collection="productData.products" renderer="product" options="{&quot;sortType&quot;:&quot;itemsPurchased desc, name asc&quot;,&quot;removePastPurchasesFeatureFlag&quot;:false,&quot;isCategorized&quot;:false,&quot;viewType&quot;:&quot;grid&quot;}" ng-if="!productData.isCategorized" interwoven-content="interweavedContentModel[config.interweaveRegion]"><div width-variable="productDisplayWidth" width-observer="productRendererMethods.watchSize" width-values="widthBreakpoints.productBreakpoints"><ul class="product-list"><!-- start ppdCollection: productData.products renderer: product --><li role="region" tabindex="-1" aria-label="LUNA Whole Nutrition Bar Lemon Zest Organic" class="product-cell product-grid-cell product-grid-cell--quad" data-id="0-&gt;114462" data-position="1"><div class="confirmation-wrapper confirmation-wrapper--hidden" id="confirmation-wrapper--114462"><div class="confirmation-whitewash"><div class="confirmation-dialog"><div class="confirmation-dialog_messages" tabindex="0"><h4 class="confirmation-dialog_message-headline">Remove This Item From Your Cart?</h4></div><div class="confirmation-dialog_action-container"><div class="confirmation-dialog_confirmation-button"><button class="button button--fourth" tabindex="0" data-product-id="114462" data-cart-log-location="ORGANIC" data-persisted-quantity="undefined" data-price="1.33">OK</button></div><div class="confirmation-dialog_cancel-button"><button class="button button--fourth" tabindex="0" data-product-id="114462">Cancel</button></div></div></div></div></div><div class="confirmation-wrapper" style="display: none;"><div class="confirmation-whitewash"></div></div><img src="./Snacks_Candy_Organic_files/6BEDR.jpg" alt="LUNA Whole Nutrition Bar Lemon Zest Organic" class="product-grid-cell_main-image" data-block-spinner="true" data-product-id="114462"><div class="product-grid-cell_price-tag"><div class="product-grid-cell_name" role="link" tabindex="0" data-block-spinner="true" data-product-id="114462"><h3 class="product-grid-cell_name-text select-text">LUNA Whole Nutrition Bar Lemon Zest Organic</h3></div><div class="product-grid-cell_price-container" role="link" data-block-spinner="true" data-product-id="114462"><div class="product-grid-cell_regular-price-container"><span class="product-grid-cell_was" aria-hidden="true"></span><span class="product-grid-cell_regular-price"></span></div><span class="product-grid-cell_main-price select-text">$1.33</span><span class="product-grid-cell_hidden-price"></span></div><span class="product-grid-cell_size select-text" role="link" data-block-spinner="true" data-product-id="114462">1.69 oz bar</span><span data-block-spinner="true" data-product-id="114462"><span class="product-grid-cell_unit select-text"> | $0.79 / oz</span></span><div class="buy-more-save-more_cta-grid-container"></div><div class="add-to-cart"><div class="add-to-cart_button"><button class="button button--add-to-cart" data-product-id="114462" data-price="1.33" data-cart-log-location="ORGANIC" data-persisted-quantity="0" data-other-information="{&quot;catPath&quot;:&quot;1,2543&quot;,&quot;sale&quot;:false,&quot;newArrival&quot;:false,&quot;sponsored&quot;:false,&quot;includeContentTrackingInfo&quot;:true}">Add to Cart</button></div><span class="element-invisible" aria-live="assertive"></span></div></div><div class="spyglass-container"></div></li><li role="region" tabindex="-1" aria-label="Annie&#39;s Homegrown Bunny Fruit Snacks Berry Patch Organic - 5 ct" class="product-cell product-grid-cell product-grid-cell--quad" data-id="1-&gt;161940" data-position="2"><div class="confirmation-wrapper confirmation-wrapper--hidden" id="confirmation-wrapper--161940"><div class="confirmation-whitewash"><div class="confirmation-dialog"><div class="confirmation-dialog_messages" tabindex="0"><h4 class="confirmation-dialog_message-headline">Remove This Item From Your Cart?</h4></div><div class="confirmation-dialog_action-container"><div class="confirmation-dialog_confirmation-button"><button class="button button--fourth" tabindex="0" data-product-id="161940" data-cart-log-location="ORGANIC" data-persisted-quantity="undefined" data-price="3.99">OK</button></div><div class="confirmation-dialog_cancel-button"><button class="button button--fourth" tabindex="0" data-product-id="161940">Cancel</button></div></div></div></div></div><div class="confirmation-wrapper" style="display: none;"><div class="confirmation-whitewash"></div></div><div class="item-detail_flag--outer-container"><div class="item-detail_flag--container"><div class="item-detail_flag--flag featured">SPONSORED</div></div></div><img src="./Snacks_Candy_Organic_files/9W46N.jpg" alt="Annie&#39;s Homegrown Bunny Fruit Snacks Berry Patch Organic - 5 ct" class="product-grid-cell_main-image" data-block-spinner="true" data-product-id="161940"><div class="product-grid-cell_price-tag"><div class="product-grid-cell_name" role="link" tabindex="0" data-block-spinner="true" data-product-id="161940"><h3 class="product-grid-cell_name-text select-text">Annie's Homegrown Bunny Fruit Snacks Berry Patch Organic - 5 ct</h3></div><div class="product-grid-cell_price-container" role="link" data-block-spinner="true" data-product-id="161940"><div class="product-grid-cell_regular-price-container"><span class="product-grid-cell_was" aria-hidden="true"></span><span class="product-grid-cell_regular-price"></span></div><span class="product-grid-cell_main-price select-text">$3.99</span><span class="product-grid-cell_hidden-price"></span></div><span class="product-grid-cell_size select-text" role="link" data-block-spinner="true" data-product-id="161940">4 oz box</span><span data-block-spinner="true" data-product-id="161940"><span class="product-grid-cell_unit select-text"> | $1.00 / oz</span></span><div class="buy-more-save-more_cta-grid-container"></div><div class="add-to-cart"><div class="add-to-cart_button"><button class="button button--add-to-cart" data-product-id="161940" data-price="3.99" data-cart-log-location="ORGANIC" data-persisted-quantity="0" data-other-information="{&quot;catPath&quot;:&quot;1,2543&quot;,&quot;sale&quot;:false,&quot;newArrival&quot;:false,&quot;sponsored&quot;:true,&quot;includeContentTrackingInfo&quot;:true}">Add to Cart</button></div><span class="element-invisible" aria-live="assertive"></span></div></div><div class="spyglass-container"></div></li><li role="region" tabindex="-1" aria-label="Nature&#39;s Promise Organic Tortilla Chips Blue Corn" class="product-cell product-grid-cell product-grid-cell--quad" data-id="2-&gt;136074" data-position="3"><div class="confirmation-wrapper confirmation-wrapper--hidden" id="confirmation-wrapper--136074"><div class="confirmation-whitewash"><div class="confirmation-dialog"><div class="confirmation-dialog_messages" tabindex="0"><h4 class="confirmation-dialog_message-headline">Remove This Item From Your Cart?</h4></div><div class="confirmation-dialog_action-container"><div class="confirmation-dialog_confirmation-button"><button class="button button--fourth" tabindex="0" data-product-id="136074" data-cart-log-location="ORGANIC" data-persisted-quantity="undefined" data-price="2.99">OK</button></div><div class="confirmation-dialog_cancel-button"><button class="button button--fourth" tabindex="0" data-product-id="136074">Cancel</button></div></div></div></div></div><div class="confirmation-wrapper" style="display: none;"><div class="confirmation-whitewash"></div></div><img src="./Snacks_Candy_Organic_files/PN9NV.jpg" alt="Nature&#39;s Promise Organic Tortilla Chips Blue Corn" class="product-grid-cell_main-image" data-block-spinner="true" data-product-id="136074"><div class="product-grid-cell_price-tag"><div class="product-grid-cell_name" role="link" tabindex="0" data-block-spinner="true" data-product-id="136074"><h3 class="product-grid-cell_name-text select-text"><span class="vector-icon_inline-text--left"><div class="vector-icon_outer-wrapper"><div class="vector-icon_container vector-icon-size--xsmall"><svg version="1.1" x="0px" y="0px" focusable="false" viewBox="0 0 945 1024" class="" role="presentation" aria-hidden="true"><title>Ahold Wedge Icon</title><desc>Ahold Icon</desc><path d="M1.893 730.617c-1.289-2.094-2.052-4.631-2.052-7.346 0-0.747 0.058-1.481 0.169-2.197 0.158-12.396 10.227-22.466 22.687-22.634l895.306-0c12.476 0.168 22.545 10.237 22.713 22.698-0.521 3.721-1.182 6.924-2.024 10.053l0.131-0.574c-86.363 175.072-263.598 293.385-468.466 293.385s-382.103-118.313-467.105-290.339l-1.361-3.046z" class="path1" fill="rgb(247, 168, 0)"></path><path d="M107.889 132.495c1.893-1.893 1.893-3.786 3.786-5.678 2.98-3.491 7.385-5.69 12.303-5.69s9.323 2.199 12.284 5.668l0.019 0.022 476.983 476.983c3.491 2.98 5.69 7.385 5.69 12.303s-2.199 9.323-5.668 12.284c-1.399 1.869-3.361 3.216-5.631 3.789l-0.069 0.015c-38.446 13.732-82.796 21.669-129.001 21.669-108.416 0-206.626-43.699-277.977-114.443-70.367-71.826-113.809-170.317-113.809-278.955 0-45.803 7.722-89.803 21.936-130.767l-0.845 2.8z" class="path2" fill="rgb(226, 35, 26)"></path><path d="M600.015 1.893c1.247-1.204 2.948-1.946 4.822-1.946 0.302 0 0.6 0.019 0.891 0.057 0.057-0.006 0.164-0.007 0.272-0.007 7.15 0 12.947 5.796 12.947 12.947 0 0.108-0.001 0.215-0.004 0.322l0-0.016v503.482c0.002 0.091 0.004 0.199 0.004 0.306 0 7.15-5.796 12.947-12.947 12.947-0.108 0-0.215-0.001-0.322-0.004-0.241 0.034-0.539 0.053-0.841 0.053-1.874 0-3.574-0.742-4.824-1.948l0.002 0.002c-98.273-48.542-164.673-148.065-164.673-263.098s66.401-214.556 162.964-262.333l1.709-0.765z" class="path3" fill="rgb(113, 33, 119)"></path><path d="M938.824 283.919c1.893 0 1.893 1.893 3.786 1.893 1.765 2.012 2.841 4.666 2.841 7.571s-1.077 5.559-2.853 7.584l0.011-0.013-268.776 266.884c-2.012 1.765-4.666 2.841-7.571 2.841s-5.559-1.077-7.584-2.853c-1.144-0.651-1.911-1.879-1.911-3.285 0-0.172 0.012-0.342 0.034-0.508l-0.002 0.019c-7.681-21.529-12.12-46.363-12.12-72.235 0-61.263 24.891-116.712 65.111-156.786 39.326-39.792 93.895-64.431 154.219-64.431 26.857 0 52.573 4.884 76.309 13.812l-1.494-0.493z" class="path4" fill="rgb(130, 188, 0)"></path></svg></div></div></span>Nature's Promise Organic Tortilla Chips Blue Corn</h3></div><div class="product-grid-cell_price-container" role="link" data-block-spinner="true" data-product-id="136074"><div class="product-grid-cell_regular-price-container"><span class="product-grid-cell_was" aria-hidden="true"></span><span class="product-grid-cell_regular-price"></span></div><span class="product-grid-cell_main-price select-text">$2.99</span><span class="product-grid-cell_hidden-price"></span></div><span class="product-grid-cell_size select-text" role="link" data-block-spinner="true" data-product-id="136074">9 oz bag</span><span data-block-spinner="true" data-product-id="136074"><span class="product-grid-cell_unit select-text"> | $0.33 / oz</span></span><div class="buy-more-save-more_cta-grid-container"></div><div class="add-to-cart"><div class="add-to-cart_button"><button class="button button--add-to-cart" data-product-id="136074" data-price="2.99" data-cart-log-location="ORGANIC" data-persisted-quantity="0" data-other-information="{&quot;catPath&quot;:&quot;1,2543&quot;,&quot;sale&quot;:false,&quot;newArrival&quot;:false,&quot;sponsored&quot;:false,&quot;includeContentTrackingInfo&quot;:true}">Add to Cart</button></div><span class="element-invisible" aria-live="assertive"></span></div></div><div class="spyglass-container"></div></li><li role="region" tabindex="-1" aria-label="LUNA Whole Nutrition Bar Chocolate Dipped Coconut Organic" class="product-cell product-grid-cell product-grid-cell--quad" data-id="3-&gt;193427" data-position="4"><div class="confirmation-wrapper confirmation-wrapper--hidden" id="confirmation-wrapper--193427"><div class="confirmation-whitewash"><div class="confirmation-dialog"><div class="confirmation-dialog_messages" tabindex="0"><h4 class="confirmation-dialog_message-headline">Remove This Item From Your Cart?</h4></div><div class="confirmation-dialog_action-container"><div class="confirmation-dialog_confirmation-button"><button class="button button--fourth" tabindex="0" data-product-id="193427" data-cart-log-location="ORGANIC" data-persisted-quantity="undefined" data-price="1.33">OK</button></div><div class="confirmation-dialog_cancel-button"><button class="button button--fourth" tabindex="0" data-product-id="193427">Cancel</button></div></div></div></div></div><div class="confirmation-wrapper" style="display: none;"><div class="confirmation-whitewash"></div></div><img src="./Snacks_Candy_Organic_files/CLRSB.jpg" alt="LUNA Whole Nutrition Bar Chocolate Dipped Coconut Organic" class="product-grid-cell_main-image" data-block-spinner="true" data-product-id="193427"><div class="product-grid-cell_price-tag"><div class="product-grid-cell_name" role="link" tabindex="0" data-block-spinner="true" data-product-id="193427"><h3 class="product-grid-cell_name-text select-text">LUNA Whole Nutrition Bar Chocolate Dipped Coconut Organic</h3></div><div class="product-grid-cell_price-container" role="link" data-block-spinner="true" data-product-id="193427"><div class="product-grid-cell_regular-price-container"><span class="product-grid-cell_was" aria-hidden="true"></span><span class="product-grid-cell_regular-price"></span></div><span class="product-grid-cell_main-price select-text">$1.33</span><span class="product-grid-cell_hidden-price"></span></div><span class="product-grid-cell_size select-text" role="link" data-block-spinner="true" data-product-id="193427">1.69 oz bar</span><span data-block-spinner="true" data-product-id="193427"><span class="product-grid-cell_unit select-text"> | $0.79 / oz</span></span><div class="buy-more-save-more_cta-grid-container"></div><div class="add-to-cart"><div class="add-to-cart_button"><button class="button button--add-to-cart" data-product-id="193427" data-price="1.33" data-cart-log-location="ORGANIC" data-persisted-quantity="0" data-other-information="{&quot;catPath&quot;:&quot;1,2543&quot;,&quot;sale&quot;:false,&quot;newArrival&quot;:false,&quot;sponsored&quot;:false,&quot;includeContentTrackingInfo&quot;:true}">Add to Cart</button></div><span class="element-invisible" aria-live="assertive"></span></div></div><div class="spyglass-container"></div></li><li role="region" tabindex="-1" aria-label="Clif Energy Bar Chocolate Chip Organic" class="product-cell product-grid-cell product-grid-cell--quad" data-id="4-&gt;99854" data-position="5"><div class="confirmation-wrapper confirmation-wrapper--hidden" id="confirmation-wrapper--99854"><div class="confirmation-whitewash"><div class="confirmation-dialog"><div class="confirmation-dialog_messages" tabindex="0"><h4 class="confirmation-dialog_message-headline">Remove This Item From Your Cart?</h4></div><div class="confirmation-dialog_action-container"><div class="confirmation-dialog_confirmation-button"><button class="button button--fourth" tabindex="0" data-product-id="99854" data-cart-log-location="ORGANIC" data-persisted-quantity="undefined" data-price="1.29">OK</button></div><div class="confirmation-dialog_cancel-button"><button class="button button--fourth" tabindex="0" data-product-id="99854">Cancel</button></div></div></div></div></div><div class="confirmation-wrapper" style="display: none;"><div class="confirmation-whitewash"></div></div><div class="vector-icon_absolute--left vector-icon_absolute--top buy-more-save-more_sticker-outer-container" aria-label="buy more save more" tabindex="0" role="link" data-pod-group="1184441" data-block-spinner="true"><span class="vector-icon_inline-text--left buy-more-save-more_link buy-more-save-more_view-deal-sticker"><div class="vector-icon_outer-wrapper"><div class="vector-icon_container vector-icon-size--xxlarge"><svg version="1.1" x="0px" y="0px" focusable="false" viewBox="0 0 1022 1024" class="vector-icon-color--bmsm" role="presentation" aria-hidden="true"><title>view deal icon</title><desc>vew deal icon</desc><path d="M882.478 520.133c0 179.904-164.594 325.744-367.631 325.744s-367.631-145.841-367.631-325.744c0-179.904 164.594-325.744 367.631-325.744s367.631 145.841 367.631 325.744z" class="path1" fill="rgb(255, 255, 255)"></path><path d="M1004.073 382.272c-40.667-15.047-79.708-29.687-119.968-44.734 14.64-40.667 28.467-80.114 43.107-122.002-44.734 0-86.621 0.407-130.135 0.407-1.627-43.514-2.847-84.994-4.473-129.728-41.074 14.64-80.114 28.874-121.188 43.514-16.674-37.414-33.347-74.421-50.834-113.461-33.347 28.060-64.661 54.901-96.788 82.148-30.094-29.28-59.374-58.154-89.468-87.841-19.52 38.634-37.82 74.421-56.934 111.835-39.041-17.080-76.454-33.754-115.902-51.241-4.88 44.734-9.76 87.028-14.234 129.728-42.701-2.847-83.774-5.287-127.695-7.727 12.2 42.294 23.18 82.554 34.974 124.035-40.667 13.827-79.301 27.247-120.375 41.074 25.62 34.974 50.427 68.321 75.641 102.888-33.347 28.060-65.881 55.307-100.041 83.774 37.82 22.774 73.608 43.921 108.988 65.068-20.334 37.82-40.261 74.421-61.001 112.241 42.701 8.947 84.994 17.894 128.102 26.84-7.32 42.701-14.234 82.554-21.147 124.442 45.141-7.32 85.808-14.234 128.508-21.147 8.947 42.294 17.080 82.148 25.62 124.442 38.634-23.994 74.828-46.767 111.835-69.541 24.807 36.6 47.987 71.168 72.794 107.768 25.62-34.974 50.021-67.914 75.234-101.668 36.194 23.587 70.761 46.361 107.768 70.761 11.387-41.887 22.367-82.148 32.94-122.408 43.921 10.98 84.994 21.147 129.322 32.127-4.473-44.734-8.54-85.808-12.607-128.508 41.074-5.693 81.741-10.98 124.848-17.080-16.267-33.754-30.094-65.474-46.361-95.568-9.353-17.487-8.54-26.84 11.387-35.787 30.094-13.42 58.561-30.5 89.061-46.767-31.72-31.314-61.814-60.187-92.315-90.281 27.247-32.94 53.274-64.254 81.334-97.601z" class="path2" fill="rgb(0, 0, 0)"></path><path d="M286.704 537.214l-85.808-114.275 30.907-8.54 63.441 88.248 7.727-108.581 30.907-8.54-13.014 142.335-34.16 9.353z" class="path3" fill="rgb(255, 255, 255)"></path><path d="M396.912 506.307l-36.194-128.102 27.247-7.727 36.194 128.102-27.247 7.727z" class="path4" fill="rgb(255, 255, 255)"></path><path d="M464.013 487.193l-36.194-128.102 90.688-25.62 6.913 23.994-63.441 17.894 7.727 26.84 62.221-17.487 6.913 23.994-62.221 17.487 8.133 29.28 63.441-17.894 6.913 23.994-91.095 25.62z" class="path5" fill="rgb(255, 255, 255)"></path><path d="M688.496 423.752l-47.174-81.741 2.44 94.348-28.874 8.133-72.794-117.935 30.5-8.54 48.801 86.214-2.033-99.228 21.147-6.1 50.427 85.808-3.66-99.228 30.5-8.54-0.407 138.675-28.874 8.133z" class="path6" fill="rgb(255, 255, 255)"></path><path d="M297.684 713.709l-36.194-128.102 50.427-14.234c40.261-11.387 75.234 6.507 86.214 44.734 10.98 39.041-9.76 71.981-49.614 83.368l-50.834 14.234zM370.478 623.835c-6.507-22.367-25.214-36.194-51.241-28.874l-23.587 6.507 22.774 80.114 23.18-6.507c25.214-6.507 34.974-29.28 28.874-51.241z" class="path7" fill="rgb(255, 255, 255)"></path><path d="M450.186 670.602l-36.194-128.102 90.688-25.62 6.913 23.994-63.441 17.894 7.727 26.84 62.221-17.487 6.913 23.994-62.221 17.487 8.133 29.28 63.441-17.894 6.913 23.994-91.095 25.62z" class="path8" fill="rgb(255, 255, 255)"></path><path d="M665.315 610.008l-14.234-19.52-54.901 15.454-2.033 23.994-30.907 8.54 13.014-142.335 34.16-9.76 85.808 114.275-30.907 9.353zM601.468 518.913l-4.473 61.001 39.854-11.387-35.38-49.614z" class="path9" fill="rgb(255, 255, 255)"></path><path d="M721.843 594.148l-36.194-128.102 27.654-7.727 29.28 104.108 54.087-15.454 6.913 23.994-81.741 23.18z" class="path10" fill="rgb(255, 255, 255)"></path></svg></div></div><span class="element-invisible">View items in deal</span></span></div><img src="./Snacks_Candy_Organic_files/5SJ8Q.jpg" alt="Clif Energy Bar Chocolate Chip Organic" class="product-grid-cell_main-image" data-block-spinner="true" data-product-id="99854"><div class="product-grid-cell_price-tag overlay--open" tabindex="0" aria-hidden="false"><div class="product-grid-cell_name" role="link" tabindex="0" data-block-spinner="true" data-product-id="99854"><h3 class="product-grid-cell_name-text select-text">Clif Energy Bar Chocolate Chip Organic</h3></div><div class="product-grid-cell_price-container" role="link" data-block-spinner="true" data-product-id="99854"><div class="product-grid-cell_regular-price-container"><span class="product-grid-cell_was" aria-hidden="true"></span><span class="product-grid-cell_regular-price"></span></div><span class="product-grid-cell_main-price select-text">$1.29</span><span class="product-grid-cell_hidden-price"></span></div><span class="product-grid-cell_size select-text" role="link" data-block-spinner="true" data-product-id="99854">2.4 oz bar</span><span data-block-spinner="true" data-product-id="99854"><span class="product-grid-cell_unit select-text"> | $0.54 / oz</span></span><div class="buy-more-save-more_cta-grid-container" aria-label="Buy 10 for $10" tabindex="0" role="link" data-pod-group="1184441" data-block-spinner="true"><span class="buy-more-save-more_cta buy-more-save-more_link">Buy 10 for $10<span aria-hidden="true"></span></span></div><div class="add-to-cart"><div class="add-to-cart_button"><button class="button button--add-to-cart" data-product-id="99854" data-price="1.29" data-cart-log-location="ORGANIC" data-persisted-quantity="0" data-other-information="{&quot;catPath&quot;:&quot;1,2543&quot;,&quot;sale&quot;:false,&quot;newArrival&quot;:false,&quot;sponsored&quot;:false,&quot;includeContentTrackingInfo&quot;:true}">Add to Cart</button></div><span class="element-invisible" aria-live="assertive"></span></div></div><div class="product-grid-cell_bulk-buy-container overlay--closed" tabindex="-1" aria-hidden="true"><bulk-buy-scroller other-information="otherInformation" on-close="onCloseBMSMOverlay()" product="product" cart-log-location="cartLogLocation" options="options" product-id="product.prodId"><!----><div ng-class="{&#39;bulk-buy-scroller_container--vertical&#39;: $ctrl.options.bulkBuyVerticalStyle}" class="bulk-buy-scroller_container bulk-buy-scroller_container--vertical" ng-if="$ctrl.shouldShowBulkBuy()"><!----><div class="bulk-buy-scroller_header-container" ng-if="$ctrl.isSIMQ() || (!$ctrl.isSIMQ() &amp;&amp; $ctrl.isShelf()) "><!----><h4 id="bulk-buy-scroller_heading--99854" class="bulk-buy-scroller_heading text-center" ng-class="{
            &#39;bulk-buy-scroller_heading--reverse&#39;: $ctrl.options.bulkBuyReverseStyle,
            &#39;text-center&#39;: $ctrl.isShelf()
        }">Buy More Save More</h4><!----><button ng-if="($ctrl.options.bulkBuyReverseStyle || $ctrl.options.bulkBuyVerticalStyle)" ng-click="$ctrl.close()" ng-class="{
            &#39;bulk-buy-scroller_close-button--reverse&#39;: $ctrl.options.bulkBuyReverseStyle,
            &#39;bulk-buy-scroller_close-button--vertical&#39;: $ctrl.options.bulkBuyVerticalStyle,
            &#39;button--white-no-border&#39;: $ctrl.state.currentQuantity === 0,
            &#39;button--lightest-grey&#39;: $ctrl.state.currentQuantity &gt; 0
            }" class="button bulk-buy-scroller_close-button bulk-buy-scroller_close-button--vertical button--white-no-border" aria-label="Close Promotion Options" tabindex="0"><div class="vector-icon_outer-wrapper" svg-id="icon_close" svg-class="vector-icon-color--dark-grey" container-class="vector-icon-size--xxsmall" svg-title="Close Icon" svg-description="X Icon" svg-role="presentation" svg-aria-hidden="true"><div class="vector-icon_container vector-icon-size--xxsmall"><svg version="1.1" x="0px" y="0px" focusable="false" viewBox="0 0 1024 1024" class="vector-icon-color--dark-grey" role="presentation" aria-hidden="true"><title>Close Icon</title><desc>X Icon</desc><path d="M20.685 1003.315c27.546 27.546 72.397 27.546 99.942 0l391.373-391.373 391.373 391.373c27.546 27.546 72.397 27.546 99.942 0s27.546-72.397 0-99.942l-391.373-391.373 391.373-391.373c27.546-27.546 27.546-72.397 0-99.942s-72.397-27.546-99.942 0l-391.373 391.373-391.373-391.373c-27.546-27.546-72.397-27.546-99.942 0s-27.546 72.397 0 99.942l391.373 391.373-391.373 391.373c-27.597 27.546-27.597 72.397 0 99.942z" class="path1"></path></svg></div></div></button><!----></div><!----><!----><div class="bulk-buy-scroller_mix-match-container bulk-buy-scroller_mix-match-container--vertical" ng-if="!$ctrl.isSIMQ() &amp;&amp; $ctrl.isShelf()" ng-class="{
            &#39;bulk-buy-scroller_mix-match-container--reverse&#39;: $ctrl.options.bulkBuyReverseStyle,
            &#39;bulk-buy-scroller_mix-match-container--vertical&#39;: $ctrl.options.bulkBuyVerticalStyle,
            &#39;bulk-buy-scroller_mix-match-container--normal&#39;: $ctrl.options.bulkBuyNormalStyle
        }"><button class="button bulk-buy-scroller_mix-match-button" ng-click="$ctrl.openProductGroup()" tabindex="0"><span class="bulk-buy-scroller_button-headline">Buy 10 for $10</span> <span class="bulk-buy-scroller_button-cta">Mix &amp; Match Options </span></button></div><!----><!----><!----></div><!----></bulk-buy-scroller><div class="add-to-cart"><div class="add-to-cart_button"><button class="button button--add-to-cart" data-product-id="99854" data-price="1.29" data-cart-log-location="ORGANIC" data-persisted-quantity="0" data-other-information="{&quot;catPath&quot;:&quot;1,2543&quot;,&quot;sale&quot;:false,&quot;newArrival&quot;:false,&quot;sponsored&quot;:false,&quot;includeContentTrackingInfo&quot;:true}">Add to Cart</button></div><span class="element-invisible" aria-live="assertive"></span></div></div><div class="spyglass-container"></div></li><li role="region" tabindex="-1" aria-label="Annie&#39;s Homegrown Chewy Granola Bars Chocolate Chip Organic - 6 ct" class="product-cell product-grid-cell product-grid-cell--quad" data-id="5-&gt;210552" data-position="6"><div class="confirmation-wrapper confirmation-wrapper--hidden" id="confirmation-wrapper--210552"><div class="confirmation-whitewash"><div class="confirmation-dialog"><div class="confirmation-dialog_messages" tabindex="0"><h4 class="confirmation-dialog_message-headline">Remove This Item From Your Cart?</h4></div><div class="confirmation-dialog_action-container"><div class="confirmation-dialog_confirmation-button"><button class="button button--fourth" tabindex="0" data-product-id="210552" data-cart-log-location="ORGANIC" data-persisted-quantity="undefined" data-price="4.49">OK</button></div><div class="confirmation-dialog_cancel-button"><button class="button button--fourth" tabindex="0" data-product-id="210552">Cancel</button></div></div></div></div></div><div class="confirmation-wrapper" style="display: none;"><div class="confirmation-whitewash"></div></div><div class="item-detail_flag--outer-container"><div class="item-detail_flag--container"><div class="item-detail_flag--flag featured">SPONSORED</div></div></div><img src="./Snacks_Candy_Organic_files/FXKMZ.jpg" alt="Annie&#39;s Homegrown Chewy Granola Bars Chocolate Chip Organic - 6 ct" class="product-grid-cell_main-image" data-block-spinner="true" data-product-id="210552"><div class="product-grid-cell_price-tag"><div class="product-grid-cell_name" role="link" tabindex="0" data-block-spinner="true" data-product-id="210552"><h3 class="product-grid-cell_name-text select-text">Annie's Homegrown Chewy Granola Bars Chocolate Chip Organic - 6 ct</h3></div><div class="product-grid-cell_price-container" role="link" data-block-spinner="true" data-product-id="210552"><div class="product-grid-cell_regular-price-container"><span class="product-grid-cell_was" aria-hidden="true"></span><span class="product-grid-cell_regular-price"></span></div><span class="product-grid-cell_main-price select-text">$4.49</span><span class="product-grid-cell_hidden-price"></span></div><span class="product-grid-cell_size select-text" role="link" data-block-spinner="true" data-product-id="210552">5.34 oz box</span><span data-block-spinner="true" data-product-id="210552"><span class="product-grid-cell_unit select-text"> | $0.84 / oz</span></span><div class="buy-more-save-more_cta-grid-container"></div><div class="add-to-cart"><div class="add-to-cart_button"><button class="button button--add-to-cart" data-product-id="210552" data-price="4.49" data-cart-log-location="ORGANIC" data-persisted-quantity="0" data-other-information="{&quot;catPath&quot;:&quot;1,2543&quot;,&quot;sale&quot;:false,&quot;newArrival&quot;:false,&quot;sponsored&quot;:true,&quot;includeContentTrackingInfo&quot;:true}">Add to Cart</button></div><span class="element-invisible" aria-live="assertive"></span></div></div><div class="spyglass-container"></div></li><li role="region" tabindex="-1" aria-label="LUNA Whole Nutrition Bar Nutz Over Chocolate Organic" class="product-cell product-grid-cell product-grid-cell--quad" data-id="6-&gt;114463" data-position="7"><div class="confirmation-wrapper confirmation-wrapper--hidden" id="confirmation-wrapper--114463"><div class="confirmation-whitewash"><div class="confirmation-dialog"><div class="confirmation-dialog_messages" tabindex="0"><h4 class="confirmation-dialog_message-headline">Remove This Item From Your Cart?</h4></div><div class="confirmation-dialog_action-container"><div class="confirmation-dialog_confirmation-button"><button class="button button--fourth" tabindex="0" data-product-id="114463" data-cart-log-location="ORGANIC" data-persisted-quantity="undefined" data-price="1.33">OK</button></div><div class="confirmation-dialog_cancel-button"><button class="button button--fourth" tabindex="0" data-product-id="114463">Cancel</button></div></div></div></div></div><div class="confirmation-wrapper" style="display: none;"><div class="confirmation-whitewash"></div></div><img src="./Snacks_Candy_Organic_files/IJBBV.jpg" alt="LUNA Whole Nutrition Bar Nutz Over Chocolate Organic" class="product-grid-cell_main-image" data-block-spinner="true" data-product-id="114463"><div class="product-grid-cell_price-tag"><div class="product-grid-cell_name" role="link" tabindex="0" data-block-spinner="true" data-product-id="114463"><h3 class="product-grid-cell_name-text select-text">LUNA Whole Nutrition Bar Nutz Over Chocolate Organic</h3></div><div class="product-grid-cell_price-container" role="link" data-block-spinner="true" data-product-id="114463"><div class="product-grid-cell_regular-price-container"><span class="product-grid-cell_was" aria-hidden="true"></span><span class="product-grid-cell_regular-price"></span></div><span class="product-grid-cell_main-price select-text">$1.33</span><span class="product-grid-cell_hidden-price"></span></div><span class="product-grid-cell_size select-text" role="link" data-block-spinner="true" data-product-id="114463">1.69 oz bar</span><span data-block-spinner="true" data-product-id="114463"><span class="product-grid-cell_unit select-text"> | $0.79 / oz</span></span><div class="buy-more-save-more_cta-grid-container"></div><div class="add-to-cart"><div class="add-to-cart_button"><button class="button button--add-to-cart" data-product-id="114463" data-price="1.33" data-cart-log-location="ORGANIC" data-persisted-quantity="0" data-other-information="{&quot;catPath&quot;:&quot;1,2543&quot;,&quot;sale&quot;:false,&quot;newArrival&quot;:false,&quot;sponsored&quot;:false,&quot;includeContentTrackingInfo&quot;:true}">Add to Cart</button></div><span class="element-invisible" aria-live="assertive"></span></div></div><div class="spyglass-container"></div></li><li role="region" tabindex="-1" aria-label="LUNA Whole Nutrition Bar Chocolate Peppermint Stick Organic" class="product-cell product-grid-cell product-grid-cell--quad" data-id="7-&gt;151426" data-position="8"><div class="confirmation-wrapper confirmation-wrapper--hidden" id="confirmation-wrapper--151426"><div class="confirmation-whitewash"><div class="confirmation-dialog"><div class="confirmation-dialog_messages" tabindex="0"><h4 class="confirmation-dialog_message-headline">Remove This Item From Your Cart?</h4></div><div class="confirmation-dialog_action-container"><div class="confirmation-dialog_confirmation-button"><button class="button button--fourth" tabindex="0" data-product-id="151426" data-cart-log-location="ORGANIC" data-persisted-quantity="undefined" data-price="1.33">OK</button></div><div class="confirmation-dialog_cancel-button"><button class="button button--fourth" tabindex="0" data-product-id="151426">Cancel</button></div></div></div></div></div><div class="confirmation-wrapper" style="display: none;"><div class="confirmation-whitewash"></div></div><img src="./Snacks_Candy_Organic_files/F8ME4.jpg" alt="LUNA Whole Nutrition Bar Chocolate Peppermint Stick Organic" class="product-grid-cell_main-image" data-block-spinner="true" data-product-id="151426"><div class="product-grid-cell_price-tag"><div class="product-grid-cell_name" role="link" tabindex="0" data-block-spinner="true" data-product-id="151426"><h3 class="product-grid-cell_name-text select-text">LUNA Whole Nutrition Bar Chocolate Peppermint Stick Organic</h3></div><div class="product-grid-cell_price-container" role="link" data-block-spinner="true" data-product-id="151426"><div class="product-grid-cell_regular-price-container"><span class="product-grid-cell_was" aria-hidden="true"></span><span class="product-grid-cell_regular-price"></span></div><span class="product-grid-cell_main-price select-text">$1.33</span><span class="product-grid-cell_hidden-price"></span></div><span class="product-grid-cell_size select-text" role="link" data-block-spinner="true" data-product-id="151426">1.69 oz bar</span><span data-block-spinner="true" data-product-id="151426"><span class="product-grid-cell_unit select-text"> | $0.79 / oz</span></span><div class="buy-more-save-more_cta-grid-container"></div><div class="out-of-stock"><button class="out-of-stock_button button button--white button--with-subtext" data-product-id="125065" data-block-spinner="false"><h4 class="button--with-subtext_secondary">Out of Stock</h4><h4 class="button--with-subtext_primary">View Substitute</h4></button></div></div><div class="spyglass-container"></div></li><li role="region" tabindex="-1" aria-label="Cascadian Farm Chewy Granola Bars Dark Chocolate Chip Organic - 6 ct" class="product-cell product-grid-cell product-grid-cell--quad" data-id="8-&gt;154212" data-position="9"><div class="confirmation-wrapper confirmation-wrapper--hidden" id="confirmation-wrapper--154212"><div class="confirmation-whitewash"><div class="confirmation-dialog"><div class="confirmation-dialog_messages" tabindex="0"><h4 class="confirmation-dialog_message-headline">Remove This Item From Your Cart?</h4></div><div class="confirmation-dialog_action-container"><div class="confirmation-dialog_confirmation-button"><button class="button button--fourth" tabindex="0" data-product-id="154212" data-cart-log-location="ORGANIC" data-persisted-quantity="undefined" data-price="4.29">OK</button></div><div class="confirmation-dialog_cancel-button"><button class="button button--fourth" tabindex="0" data-product-id="154212">Cancel</button></div></div></div></div></div><div class="confirmation-wrapper" style="display: none;"><div class="confirmation-whitewash"></div></div><div class="vector-icon_absolute--left vector-icon_absolute--top buy-more-save-more_sticker-outer-container" aria-label="buy more save more" tabindex="0" role="link" data-pod-group="1184518" data-block-spinner="true"><span class="vector-icon_inline-text--left buy-more-save-more_link buy-more-save-more_view-deal-sticker"><div class="vector-icon_outer-wrapper"><div class="vector-icon_container vector-icon-size--xxlarge"><svg version="1.1" x="0px" y="0px" focusable="false" viewBox="0 0 1022 1024" class="vector-icon-color--bmsm" role="presentation" aria-hidden="true"><title>view deal icon</title><desc>vew deal icon</desc><path d="M882.478 520.133c0 179.904-164.594 325.744-367.631 325.744s-367.631-145.841-367.631-325.744c0-179.904 164.594-325.744 367.631-325.744s367.631 145.841 367.631 325.744z" class="path1" fill="rgb(255, 255, 255)"></path><path d="M1004.073 382.272c-40.667-15.047-79.708-29.687-119.968-44.734 14.64-40.667 28.467-80.114 43.107-122.002-44.734 0-86.621 0.407-130.135 0.407-1.627-43.514-2.847-84.994-4.473-129.728-41.074 14.64-80.114 28.874-121.188 43.514-16.674-37.414-33.347-74.421-50.834-113.461-33.347 28.060-64.661 54.901-96.788 82.148-30.094-29.28-59.374-58.154-89.468-87.841-19.52 38.634-37.82 74.421-56.934 111.835-39.041-17.080-76.454-33.754-115.902-51.241-4.88 44.734-9.76 87.028-14.234 129.728-42.701-2.847-83.774-5.287-127.695-7.727 12.2 42.294 23.18 82.554 34.974 124.035-40.667 13.827-79.301 27.247-120.375 41.074 25.62 34.974 50.427 68.321 75.641 102.888-33.347 28.060-65.881 55.307-100.041 83.774 37.82 22.774 73.608 43.921 108.988 65.068-20.334 37.82-40.261 74.421-61.001 112.241 42.701 8.947 84.994 17.894 128.102 26.84-7.32 42.701-14.234 82.554-21.147 124.442 45.141-7.32 85.808-14.234 128.508-21.147 8.947 42.294 17.080 82.148 25.62 124.442 38.634-23.994 74.828-46.767 111.835-69.541 24.807 36.6 47.987 71.168 72.794 107.768 25.62-34.974 50.021-67.914 75.234-101.668 36.194 23.587 70.761 46.361 107.768 70.761 11.387-41.887 22.367-82.148 32.94-122.408 43.921 10.98 84.994 21.147 129.322 32.127-4.473-44.734-8.54-85.808-12.607-128.508 41.074-5.693 81.741-10.98 124.848-17.080-16.267-33.754-30.094-65.474-46.361-95.568-9.353-17.487-8.54-26.84 11.387-35.787 30.094-13.42 58.561-30.5 89.061-46.767-31.72-31.314-61.814-60.187-92.315-90.281 27.247-32.94 53.274-64.254 81.334-97.601z" class="path2" fill="rgb(0, 0, 0)"></path><path d="M286.704 537.214l-85.808-114.275 30.907-8.54 63.441 88.248 7.727-108.581 30.907-8.54-13.014 142.335-34.16 9.353z" class="path3" fill="rgb(255, 255, 255)"></path><path d="M396.912 506.307l-36.194-128.102 27.247-7.727 36.194 128.102-27.247 7.727z" class="path4" fill="rgb(255, 255, 255)"></path><path d="M464.013 487.193l-36.194-128.102 90.688-25.62 6.913 23.994-63.441 17.894 7.727 26.84 62.221-17.487 6.913 23.994-62.221 17.487 8.133 29.28 63.441-17.894 6.913 23.994-91.095 25.62z" class="path5" fill="rgb(255, 255, 255)"></path><path d="M688.496 423.752l-47.174-81.741 2.44 94.348-28.874 8.133-72.794-117.935 30.5-8.54 48.801 86.214-2.033-99.228 21.147-6.1 50.427 85.808-3.66-99.228 30.5-8.54-0.407 138.675-28.874 8.133z" class="path6" fill="rgb(255, 255, 255)"></path><path d="M297.684 713.709l-36.194-128.102 50.427-14.234c40.261-11.387 75.234 6.507 86.214 44.734 10.98 39.041-9.76 71.981-49.614 83.368l-50.834 14.234zM370.478 623.835c-6.507-22.367-25.214-36.194-51.241-28.874l-23.587 6.507 22.774 80.114 23.18-6.507c25.214-6.507 34.974-29.28 28.874-51.241z" class="path7" fill="rgb(255, 255, 255)"></path><path d="M450.186 670.602l-36.194-128.102 90.688-25.62 6.913 23.994-63.441 17.894 7.727 26.84 62.221-17.487 6.913 23.994-62.221 17.487 8.133 29.28 63.441-17.894 6.913 23.994-91.095 25.62z" class="path8" fill="rgb(255, 255, 255)"></path><path d="M665.315 610.008l-14.234-19.52-54.901 15.454-2.033 23.994-30.907 8.54 13.014-142.335 34.16-9.76 85.808 114.275-30.907 9.353zM601.468 518.913l-4.473 61.001 39.854-11.387-35.38-49.614z" class="path9" fill="rgb(255, 255, 255)"></path><path d="M721.843 594.148l-36.194-128.102 27.654-7.727 29.28 104.108 54.087-15.454 6.913 23.994-81.741 23.18z" class="path10" fill="rgb(255, 255, 255)"></path></svg></div></div><span class="element-invisible">View items in deal</span></span></div><img src="./Snacks_Candy_Organic_files/CCCF2.png" alt="Cascadian Farm Chewy Granola Bars Dark Chocolate Chip Organic - 6 ct" class="product-grid-cell_main-image" data-block-spinner="true" data-product-id="154212"><div class="product-grid-cell_price-tag overlay--open" tabindex="0" aria-hidden="false"><div class="product-grid-cell_name" role="link" tabindex="0" data-block-spinner="true" data-product-id="154212"><h3 class="product-grid-cell_name-text select-text">Cascadian Farm Chewy Granola Bars Dark Chocolate Chip Organic - 6 ct</h3></div><div class="product-grid-cell_price-container" role="link" data-block-spinner="true" data-product-id="154212"><div class="product-grid-cell_regular-price-container"><span class="product-grid-cell_was" aria-hidden="true"></span><span class="product-grid-cell_regular-price"></span></div><span class="product-grid-cell_main-price select-text">$4.29</span><span class="product-grid-cell_hidden-price"></span></div><span class="product-grid-cell_size select-text" role="link" data-block-spinner="true" data-product-id="154212">7.4 oz box</span><span data-block-spinner="true" data-product-id="154212"><span class="product-grid-cell_unit select-text"> | $0.58 / oz</span></span><div class="buy-more-save-more_cta-grid-container" aria-label="Buy 2 @ $3.00 ea" tabindex="0" role="link" data-pod-group="1184518" data-block-spinner="true"><span class="buy-more-save-more_cta buy-more-save-more_link">Buy 2 @ $3.00 ea<span aria-hidden="true"></span></span></div><div class="add-to-cart"><div class="add-to-cart_button"><button class="button button--add-to-cart" data-product-id="154212" data-price="4.29" data-cart-log-location="ORGANIC" data-persisted-quantity="0" data-other-information="{&quot;catPath&quot;:&quot;1,2543&quot;,&quot;sale&quot;:false,&quot;newArrival&quot;:false,&quot;sponsored&quot;:false,&quot;includeContentTrackingInfo&quot;:true}">Add to Cart</button></div><span class="element-invisible" aria-live="assertive"></span></div></div><div class="product-grid-cell_bulk-buy-container overlay--closed" tabindex="-1" aria-hidden="true"><bulk-buy-scroller other-information="otherInformation" on-close="onCloseBMSMOverlay()" product="product" cart-log-location="cartLogLocation" options="options" product-id="product.prodId"><!----><div ng-class="{&#39;bulk-buy-scroller_container--vertical&#39;: $ctrl.options.bulkBuyVerticalStyle}" class="bulk-buy-scroller_container bulk-buy-scroller_container--vertical" ng-if="$ctrl.shouldShowBulkBuy()"><!----><div class="bulk-buy-scroller_header-container" ng-if="$ctrl.isSIMQ() || (!$ctrl.isSIMQ() &amp;&amp; $ctrl.isShelf()) "><!----><h4 id="bulk-buy-scroller_heading--154212" class="bulk-buy-scroller_heading text-center" ng-class="{
            &#39;bulk-buy-scroller_heading--reverse&#39;: $ctrl.options.bulkBuyReverseStyle,
            &#39;text-center&#39;: $ctrl.isShelf()
        }">Buy More Save More</h4><!----><button ng-if="($ctrl.options.bulkBuyReverseStyle || $ctrl.options.bulkBuyVerticalStyle)" ng-click="$ctrl.close()" ng-class="{
            &#39;bulk-buy-scroller_close-button--reverse&#39;: $ctrl.options.bulkBuyReverseStyle,
            &#39;bulk-buy-scroller_close-button--vertical&#39;: $ctrl.options.bulkBuyVerticalStyle,
            &#39;button--white-no-border&#39;: $ctrl.state.currentQuantity === 0,
            &#39;button--lightest-grey&#39;: $ctrl.state.currentQuantity &gt; 0
            }" class="button bulk-buy-scroller_close-button bulk-buy-scroller_close-button--vertical button--white-no-border" aria-label="Close Promotion Options" tabindex="0"><div class="vector-icon_outer-wrapper" svg-id="icon_close" svg-class="vector-icon-color--dark-grey" container-class="vector-icon-size--xxsmall" svg-title="Close Icon" svg-description="X Icon" svg-role="presentation" svg-aria-hidden="true"><div class="vector-icon_container vector-icon-size--xxsmall"><svg version="1.1" x="0px" y="0px" focusable="false" viewBox="0 0 1024 1024" class="vector-icon-color--dark-grey" role="presentation" aria-hidden="true"><title>Close Icon</title><desc>X Icon</desc><path d="M20.685 1003.315c27.546 27.546 72.397 27.546 99.942 0l391.373-391.373 391.373 391.373c27.546 27.546 72.397 27.546 99.942 0s27.546-72.397 0-99.942l-391.373-391.373 391.373-391.373c27.546-27.546 27.546-72.397 0-99.942s-72.397-27.546-99.942 0l-391.373 391.373-391.373-391.373c-27.546-27.546-72.397-27.546-99.942 0s-27.546 72.397 0 99.942l391.373 391.373-391.373 391.373c-27.597 27.546-27.597 72.397 0 99.942z" class="path1"></path></svg></div></div></button><!----></div><!----><!----><div class="bulk-buy-scroller_mix-match-container bulk-buy-scroller_mix-match-container--vertical" ng-if="!$ctrl.isSIMQ() &amp;&amp; $ctrl.isShelf()" ng-class="{
            &#39;bulk-buy-scroller_mix-match-container--reverse&#39;: $ctrl.options.bulkBuyReverseStyle,
            &#39;bulk-buy-scroller_mix-match-container--vertical&#39;: $ctrl.options.bulkBuyVerticalStyle,
            &#39;bulk-buy-scroller_mix-match-container--normal&#39;: $ctrl.options.bulkBuyNormalStyle
        }"><button class="button bulk-buy-scroller_mix-match-button" ng-click="$ctrl.openProductGroup()" tabindex="0"><span class="bulk-buy-scroller_button-headline">Buy 2 @ $3.00 ea</span> <span class="bulk-buy-scroller_button-cta">Mix &amp; Match Options </span></button></div><!----><!----><!----></div><!----></bulk-buy-scroller><div class="add-to-cart"><div class="add-to-cart_button"><button class="button button--add-to-cart" data-product-id="154212" data-price="4.29" data-cart-log-location="ORGANIC" data-persisted-quantity="0" data-other-information="{&quot;catPath&quot;:&quot;1,2543&quot;,&quot;sale&quot;:false,&quot;newArrival&quot;:false,&quot;sponsored&quot;:false,&quot;includeContentTrackingInfo&quot;:true}">Add to Cart</button></div><span class="element-invisible" aria-live="assertive"></span></div></div><div class="spyglass-container"></div></li><li role="region" tabindex="-1" aria-label="Nature&#39;s Promise Organic Hummus Traditional" class="product-cell product-grid-cell product-grid-cell--quad" data-id="9-&gt;217468" data-position="10"><div class="confirmation-wrapper confirmation-wrapper--hidden" id="confirmation-wrapper--217468"><div class="confirmation-whitewash"><div class="confirmation-dialog"><div class="confirmation-dialog_messages" tabindex="0"><h4 class="confirmation-dialog_message-headline">Remove This Item From Your Cart?</h4></div><div class="confirmation-dialog_action-container"><div class="confirmation-dialog_confirmation-button"><button class="button button--fourth" tabindex="0" data-product-id="217468" data-cart-log-location="ORGANIC" data-persisted-quantity="undefined" data-price="3.69">OK</button></div><div class="confirmation-dialog_cancel-button"><button class="button button--fourth" tabindex="0" data-product-id="217468">Cancel</button></div></div></div></div></div><div class="confirmation-wrapper" style="display: none;"><div class="confirmation-whitewash"></div></div><img src="./Snacks_Candy_Organic_files/QXQA8.jpg" alt="Nature&#39;s Promise Organic Hummus Traditional" class="product-grid-cell_main-image" data-block-spinner="true" data-product-id="217468"><div class="product-grid-cell_price-tag"><div class="product-grid-cell_name" role="link" tabindex="0" data-block-spinner="true" data-product-id="217468"><h3 class="product-grid-cell_name-text select-text"><span class="vector-icon_inline-text--left"><div class="vector-icon_outer-wrapper"><div class="vector-icon_container vector-icon-size--xsmall"><svg version="1.1" x="0px" y="0px" focusable="false" viewBox="0 0 945 1024" class="" role="presentation" aria-hidden="true"><title>Ahold Wedge Icon</title><desc>Ahold Icon</desc><path d="M1.893 730.617c-1.289-2.094-2.052-4.631-2.052-7.346 0-0.747 0.058-1.481 0.169-2.197 0.158-12.396 10.227-22.466 22.687-22.634l895.306-0c12.476 0.168 22.545 10.237 22.713 22.698-0.521 3.721-1.182 6.924-2.024 10.053l0.131-0.574c-86.363 175.072-263.598 293.385-468.466 293.385s-382.103-118.313-467.105-290.339l-1.361-3.046z" class="path1" fill="rgb(247, 168, 0)"></path><path d="M107.889 132.495c1.893-1.893 1.893-3.786 3.786-5.678 2.98-3.491 7.385-5.69 12.303-5.69s9.323 2.199 12.284 5.668l0.019 0.022 476.983 476.983c3.491 2.98 5.69 7.385 5.69 12.303s-2.199 9.323-5.668 12.284c-1.399 1.869-3.361 3.216-5.631 3.789l-0.069 0.015c-38.446 13.732-82.796 21.669-129.001 21.669-108.416 0-206.626-43.699-277.977-114.443-70.367-71.826-113.809-170.317-113.809-278.955 0-45.803 7.722-89.803 21.936-130.767l-0.845 2.8z" class="path2" fill="rgb(226, 35, 26)"></path><path d="M600.015 1.893c1.247-1.204 2.948-1.946 4.822-1.946 0.302 0 0.6 0.019 0.891 0.057 0.057-0.006 0.164-0.007 0.272-0.007 7.15 0 12.947 5.796 12.947 12.947 0 0.108-0.001 0.215-0.004 0.322l0-0.016v503.482c0.002 0.091 0.004 0.199 0.004 0.306 0 7.15-5.796 12.947-12.947 12.947-0.108 0-0.215-0.001-0.322-0.004-0.241 0.034-0.539 0.053-0.841 0.053-1.874 0-3.574-0.742-4.824-1.948l0.002 0.002c-98.273-48.542-164.673-148.065-164.673-263.098s66.401-214.556 162.964-262.333l1.709-0.765z" class="path3" fill="rgb(113, 33, 119)"></path><path d="M938.824 283.919c1.893 0 1.893 1.893 3.786 1.893 1.765 2.012 2.841 4.666 2.841 7.571s-1.077 5.559-2.853 7.584l0.011-0.013-268.776 266.884c-2.012 1.765-4.666 2.841-7.571 2.841s-5.559-1.077-7.584-2.853c-1.144-0.651-1.911-1.879-1.911-3.285 0-0.172 0.012-0.342 0.034-0.508l-0.002 0.019c-7.681-21.529-12.12-46.363-12.12-72.235 0-61.263 24.891-116.712 65.111-156.786 39.326-39.792 93.895-64.431 154.219-64.431 26.857 0 52.573 4.884 76.309 13.812l-1.494-0.493z" class="path4" fill="rgb(130, 188, 0)"></path></svg></div></div></span>Nature's Promise Organic Hummus Traditional</h3></div><div class="product-grid-cell_price-container" role="link" data-block-spinner="true" data-product-id="217468"><div class="product-grid-cell_regular-price-container"><span class="product-grid-cell_was" aria-hidden="true"></span><span class="product-grid-cell_regular-price"></span></div><span class="product-grid-cell_main-price select-text">$3.69</span><span class="product-grid-cell_hidden-price"></span></div><span class="product-grid-cell_size select-text" role="link" data-block-spinner="true" data-product-id="217468">8 oz tub</span><span data-block-spinner="true" data-product-id="217468"><span class="product-grid-cell_unit select-text"> | $0.46 / oz</span></span><div class="buy-more-save-more_cta-grid-container"></div><div class="add-to-cart"><div class="add-to-cart_button"><button class="button button--add-to-cart" data-product-id="217468" data-price="3.69" data-cart-log-location="ORGANIC" data-persisted-quantity="0" data-other-information="{&quot;catPath&quot;:&quot;1,2543&quot;,&quot;sale&quot;:false,&quot;newArrival&quot;:false,&quot;sponsored&quot;:false,&quot;includeContentTrackingInfo&quot;:true}">Add to Cart</button></div><span class="element-invisible" aria-live="assertive"></span></div></div><div class="spyglass-container"></div></li><li role="region" tabindex="-1" aria-label="Nature&#39;s Promise Organic Tortilla Chips Yellow Corn" class="product-cell product-grid-cell product-grid-cell--quad" data-id="10-&gt;136073" data-position="11"><div class="confirmation-wrapper confirmation-wrapper--hidden" id="confirmation-wrapper--136073"><div class="confirmation-whitewash"><div class="confirmation-dialog"><div class="confirmation-dialog_messages" tabindex="0"><h4 class="confirmation-dialog_message-headline">Remove This Item From Your Cart?</h4></div><div class="confirmation-dialog_action-container"><div class="confirmation-dialog_confirmation-button"><button class="button button--fourth" tabindex="0" data-product-id="136073" data-cart-log-location="ORGANIC" data-persisted-quantity="undefined" data-price="2.99">OK</button></div><div class="confirmation-dialog_cancel-button"><button class="button button--fourth" tabindex="0" data-product-id="136073">Cancel</button></div></div></div></div></div><div class="confirmation-wrapper" style="display: none;"><div class="confirmation-whitewash"></div></div><img src="./Snacks_Candy_Organic_files/6MGRW.jpg" alt="Nature&#39;s Promise Organic Tortilla Chips Yellow Corn" class="product-grid-cell_main-image" data-block-spinner="true" data-product-id="136073"><div class="product-grid-cell_price-tag"><div class="product-grid-cell_name" role="link" tabindex="0" data-block-spinner="true" data-product-id="136073"><h3 class="product-grid-cell_name-text select-text"><span class="vector-icon_inline-text--left"><div class="vector-icon_outer-wrapper"><div class="vector-icon_container vector-icon-size--xsmall"><svg version="1.1" x="0px" y="0px" focusable="false" viewBox="0 0 945 1024" class="" role="presentation" aria-hidden="true"><title>Ahold Wedge Icon</title><desc>Ahold Icon</desc><path d="M1.893 730.617c-1.289-2.094-2.052-4.631-2.052-7.346 0-0.747 0.058-1.481 0.169-2.197 0.158-12.396 10.227-22.466 22.687-22.634l895.306-0c12.476 0.168 22.545 10.237 22.713 22.698-0.521 3.721-1.182 6.924-2.024 10.053l0.131-0.574c-86.363 175.072-263.598 293.385-468.466 293.385s-382.103-118.313-467.105-290.339l-1.361-3.046z" class="path1" fill="rgb(247, 168, 0)"></path><path d="M107.889 132.495c1.893-1.893 1.893-3.786 3.786-5.678 2.98-3.491 7.385-5.69 12.303-5.69s9.323 2.199 12.284 5.668l0.019 0.022 476.983 476.983c3.491 2.98 5.69 7.385 5.69 12.303s-2.199 9.323-5.668 12.284c-1.399 1.869-3.361 3.216-5.631 3.789l-0.069 0.015c-38.446 13.732-82.796 21.669-129.001 21.669-108.416 0-206.626-43.699-277.977-114.443-70.367-71.826-113.809-170.317-113.809-278.955 0-45.803 7.722-89.803 21.936-130.767l-0.845 2.8z" class="path2" fill="rgb(226, 35, 26)"></path><path d="M600.015 1.893c1.247-1.204 2.948-1.946 4.822-1.946 0.302 0 0.6 0.019 0.891 0.057 0.057-0.006 0.164-0.007 0.272-0.007 7.15 0 12.947 5.796 12.947 12.947 0 0.108-0.001 0.215-0.004 0.322l0-0.016v503.482c0.002 0.091 0.004 0.199 0.004 0.306 0 7.15-5.796 12.947-12.947 12.947-0.108 0-0.215-0.001-0.322-0.004-0.241 0.034-0.539 0.053-0.841 0.053-1.874 0-3.574-0.742-4.824-1.948l0.002 0.002c-98.273-48.542-164.673-148.065-164.673-263.098s66.401-214.556 162.964-262.333l1.709-0.765z" class="path3" fill="rgb(113, 33, 119)"></path><path d="M938.824 283.919c1.893 0 1.893 1.893 3.786 1.893 1.765 2.012 2.841 4.666 2.841 7.571s-1.077 5.559-2.853 7.584l0.011-0.013-268.776 266.884c-2.012 1.765-4.666 2.841-7.571 2.841s-5.559-1.077-7.584-2.853c-1.144-0.651-1.911-1.879-1.911-3.285 0-0.172 0.012-0.342 0.034-0.508l-0.002 0.019c-7.681-21.529-12.12-46.363-12.12-72.235 0-61.263 24.891-116.712 65.111-156.786 39.326-39.792 93.895-64.431 154.219-64.431 26.857 0 52.573 4.884 76.309 13.812l-1.494-0.493z" class="path4" fill="rgb(130, 188, 0)"></path></svg></div></div></span>Nature's Promise Organic Tortilla Chips Yellow Corn</h3></div><div class="product-grid-cell_price-container" role="link" data-block-spinner="true" data-product-id="136073"><div class="product-grid-cell_regular-price-container"><span class="product-grid-cell_was" aria-hidden="true"></span><span class="product-grid-cell_regular-price"></span></div><span class="product-grid-cell_main-price select-text">$2.99</span><span class="product-grid-cell_hidden-price"></span></div><span class="product-grid-cell_size select-text" role="link" data-block-spinner="true" data-product-id="136073">9 oz bag</span><span data-block-spinner="true" data-product-id="136073"><span class="product-grid-cell_unit select-text"> | $0.33 / oz</span></span><div class="buy-more-save-more_cta-grid-container"></div><div class="add-to-cart"><div class="add-to-cart_button"><button class="button button--add-to-cart" data-product-id="136073" data-price="2.99" data-cart-log-location="ORGANIC" data-persisted-quantity="0" data-other-information="{&quot;catPath&quot;:&quot;1,2543&quot;,&quot;sale&quot;:false,&quot;newArrival&quot;:false,&quot;sponsored&quot;:false,&quot;includeContentTrackingInfo&quot;:true}">Add to Cart</button></div><span class="element-invisible" aria-live="assertive"></span></div></div><div class="spyglass-container"></div></li><li role="region" tabindex="-1" aria-label="Clif Kid ZBaR Energy Snacks Chocolate Brownie Organic - 6 ct" class="product-cell product-grid-cell product-grid-cell--quad" data-id="11-&gt;142628" data-position="12"><div class="confirmation-wrapper confirmation-wrapper--hidden" id="confirmation-wrapper--142628"><div class="confirmation-whitewash"><div class="confirmation-dialog"><div class="confirmation-dialog_messages" tabindex="0"><h4 class="confirmation-dialog_message-headline">Remove This Item From Your Cart?</h4></div><div class="confirmation-dialog_action-container"><div class="confirmation-dialog_confirmation-button"><button class="button button--fourth" tabindex="0" data-product-id="142628" data-cart-log-location="ORGANIC" data-persisted-quantity="undefined" data-price="4.59">OK</button></div><div class="confirmation-dialog_cancel-button"><button class="button button--fourth" tabindex="0" data-product-id="142628">Cancel</button></div></div></div></div></div><div class="confirmation-wrapper" style="display: none;"><div class="confirmation-whitewash"></div></div><img src="./Snacks_Candy_Organic_files/YLKL8.jpg" alt="Clif Kid ZBaR Energy Snacks Chocolate Brownie Organic - 6 ct" class="product-grid-cell_main-image" data-block-spinner="true" data-product-id="142628"><div class="product-grid-cell_price-tag"><div class="product-grid-cell_name" role="link" tabindex="0" data-block-spinner="true" data-product-id="142628"><h3 class="product-grid-cell_name-text select-text">Clif Kid ZBaR Energy Snacks Chocolate Brownie Organic - 6 ct</h3></div><div class="product-grid-cell_price-container" role="link" data-block-spinner="true" data-product-id="142628"><div class="product-grid-cell_regular-price-container"><span class="product-grid-cell_was" aria-hidden="true"></span><span class="product-grid-cell_regular-price"></span></div><span class="product-grid-cell_main-price select-text">$4.59</span><span class="product-grid-cell_hidden-price"></span></div><span class="product-grid-cell_size select-text" role="link" data-block-spinner="true" data-product-id="142628">7.62 oz box</span><span data-block-spinner="true" data-product-id="142628"><span class="product-grid-cell_unit select-text"> | $0.60 / oz</span></span><div class="buy-more-save-more_cta-grid-container"></div><div class="add-to-cart"><div class="add-to-cart_button"><button class="button button--add-to-cart" data-product-id="142628" data-price="4.59" data-cart-log-location="ORGANIC" data-persisted-quantity="0" data-other-information="{&quot;catPath&quot;:&quot;1,2543&quot;,&quot;sale&quot;:false,&quot;newArrival&quot;:false,&quot;sponsored&quot;:false,&quot;includeContentTrackingInfo&quot;:true}">Add to Cart</button></div><span class="element-invisible" aria-live="assertive"></span></div></div><div class="spyglass-container"></div></li><li role="region" tabindex="-1" aria-label="LUNA Whole Nutrition Bar Blueberry Bliss Organic" class="product-cell product-grid-cell product-grid-cell--quad" data-id="12-&gt;163433" data-position="13"><div class="confirmation-wrapper confirmation-wrapper--hidden" id="confirmation-wrapper--163433"><div class="confirmation-whitewash"><div class="confirmation-dialog"><div class="confirmation-dialog_messages" tabindex="0"><h4 class="confirmation-dialog_message-headline">Remove This Item From Your Cart?</h4></div><div class="confirmation-dialog_action-container"><div class="confirmation-dialog_confirmation-button"><button class="button button--fourth" tabindex="0" data-product-id="163433" data-cart-log-location="ORGANIC" data-persisted-quantity="undefined" data-price="1.33">OK</button></div><div class="confirmation-dialog_cancel-button"><button class="button button--fourth" tabindex="0" data-product-id="163433">Cancel</button></div></div></div></div></div><div class="confirmation-wrapper" style="display: none;"><div class="confirmation-whitewash"></div></div><img src="./Snacks_Candy_Organic_files/ABU7N.jpg" alt="LUNA Whole Nutrition Bar Blueberry Bliss Organic" class="product-grid-cell_main-image" data-block-spinner="true" data-product-id="163433"><div class="product-grid-cell_price-tag"><div class="product-grid-cell_name" role="link" tabindex="0" data-block-spinner="true" data-product-id="163433"><h3 class="product-grid-cell_name-text select-text">LUNA Whole Nutrition Bar Blueberry Bliss Organic</h3></div><div class="product-grid-cell_price-container" role="link" data-block-spinner="true" data-product-id="163433"><div class="product-grid-cell_regular-price-container"><span class="product-grid-cell_was" aria-hidden="true"></span><span class="product-grid-cell_regular-price"></span></div><span class="product-grid-cell_main-price select-text">$1.33</span><span class="product-grid-cell_hidden-price"></span></div><span class="product-grid-cell_size select-text" role="link" data-block-spinner="true" data-product-id="163433">1.69 oz bar</span><span data-block-spinner="true" data-product-id="163433"><span class="product-grid-cell_unit select-text"> | $0.79 / oz</span></span><div class="buy-more-save-more_cta-grid-container"></div><div class="add-to-cart"><div class="add-to-cart_button"><button class="button button--add-to-cart" data-product-id="163433" data-price="1.33" data-cart-log-location="ORGANIC" data-persisted-quantity="0" data-other-information="{&quot;catPath&quot;:&quot;1,2543&quot;,&quot;sale&quot;:false,&quot;newArrival&quot;:false,&quot;sponsored&quot;:false,&quot;includeContentTrackingInfo&quot;:true}">Add to Cart</button></div><span class="element-invisible" aria-live="assertive"></span></div></div><div class="spyglass-container"></div></li><li role="region" tabindex="-1" aria-label="Clif Kid ZBaR Energy Snacks Chocolate Chip Organic - 6 ct" class="product-cell product-grid-cell product-grid-cell--quad" data-id="13-&gt;142626" data-position="14"><div class="confirmation-wrapper confirmation-wrapper--hidden" id="confirmation-wrapper--142626"><div class="confirmation-whitewash"><div class="confirmation-dialog"><div class="confirmation-dialog_messages" tabindex="0"><h4 class="confirmation-dialog_message-headline">Remove This Item From Your Cart?</h4></div><div class="confirmation-dialog_action-container"><div class="confirmation-dialog_confirmation-button"><button class="button button--fourth" tabindex="0" data-product-id="142626" data-cart-log-location="ORGANIC" data-persisted-quantity="undefined" data-price="4.59">OK</button></div><div class="confirmation-dialog_cancel-button"><button class="button button--fourth" tabindex="0" data-product-id="142626">Cancel</button></div></div></div></div></div><div class="confirmation-wrapper" style="display: none;"><div class="confirmation-whitewash"></div></div><img src="./Snacks_Candy_Organic_files/RQDKK.jpg" alt="Clif Kid ZBaR Energy Snacks Chocolate Chip Organic - 6 ct" class="product-grid-cell_main-image" data-block-spinner="true" data-product-id="142626"><div class="product-grid-cell_price-tag"><div class="product-grid-cell_name" role="link" tabindex="0" data-block-spinner="true" data-product-id="142626"><h3 class="product-grid-cell_name-text select-text">Clif Kid ZBaR Energy Snacks Chocolate Chip Organic - 6 ct</h3></div><div class="product-grid-cell_price-container" role="link" data-block-spinner="true" data-product-id="142626"><div class="product-grid-cell_regular-price-container"><span class="product-grid-cell_was" aria-hidden="true"></span><span class="product-grid-cell_regular-price"></span></div><span class="product-grid-cell_main-price select-text">$4.59</span><span class="product-grid-cell_hidden-price"></span></div><span class="product-grid-cell_size select-text" role="link" data-block-spinner="true" data-product-id="142626">7.62 oz box</span><span data-block-spinner="true" data-product-id="142626"><span class="product-grid-cell_unit select-text"> | $0.60 / oz</span></span><div class="buy-more-save-more_cta-grid-container"></div><div class="add-to-cart"><div class="add-to-cart_button"><button class="button button--add-to-cart" data-product-id="142626" data-price="4.59" data-cart-log-location="ORGANIC" data-persisted-quantity="0" data-other-information="{&quot;catPath&quot;:&quot;1,2543&quot;,&quot;sale&quot;:false,&quot;newArrival&quot;:false,&quot;sponsored&quot;:false,&quot;includeContentTrackingInfo&quot;:true}">Add to Cart</button></div><span class="element-invisible" aria-live="assertive"></span></div></div><div class="spyglass-container"></div></li><li role="region" tabindex="-1" aria-label="LUNA Whole Nutrition Bar Caramel Nut Brownie Organic" class="product-cell product-grid-cell product-grid-cell--quad" data-id="14-&gt;140520" data-position="15"><div class="confirmation-wrapper confirmation-wrapper--hidden" id="confirmation-wrapper--140520"><div class="confirmation-whitewash"><div class="confirmation-dialog"><div class="confirmation-dialog_messages" tabindex="0"><h4 class="confirmation-dialog_message-headline">Remove This Item From Your Cart?</h4></div><div class="confirmation-dialog_action-container"><div class="confirmation-dialog_confirmation-button"><button class="button button--fourth" tabindex="0" data-product-id="140520" data-cart-log-location="ORGANIC" data-persisted-quantity="undefined" data-price="1.33">OK</button></div><div class="confirmation-dialog_cancel-button"><button class="button button--fourth" tabindex="0" data-product-id="140520">Cancel</button></div></div></div></div></div><div class="confirmation-wrapper" style="display: none;"><div class="confirmation-whitewash"></div></div><img src="./Snacks_Candy_Organic_files/HDKPW.jpg" alt="LUNA Whole Nutrition Bar Caramel Nut Brownie Organic" class="product-grid-cell_main-image" data-block-spinner="true" data-product-id="140520"><div class="product-grid-cell_price-tag"><div class="product-grid-cell_name" role="link" tabindex="0" data-block-spinner="true" data-product-id="140520"><h3 class="product-grid-cell_name-text select-text">LUNA Whole Nutrition Bar Caramel Nut Brownie Organic</h3></div><div class="product-grid-cell_price-container" role="link" data-block-spinner="true" data-product-id="140520"><div class="product-grid-cell_regular-price-container"><span class="product-grid-cell_was" aria-hidden="true"></span><span class="product-grid-cell_regular-price"></span></div><span class="product-grid-cell_main-price select-text">$1.33</span><span class="product-grid-cell_hidden-price"></span></div><span class="product-grid-cell_size select-text" role="link" data-block-spinner="true" data-product-id="140520">1.69 oz bar</span><span data-block-spinner="true" data-product-id="140520"><span class="product-grid-cell_unit select-text"> | $0.79 / oz</span></span><div class="buy-more-save-more_cta-grid-container"></div><div class="add-to-cart"><div class="add-to-cart_button"><button class="button button--add-to-cart" data-product-id="140520" data-price="1.33" data-cart-log-location="ORGANIC" data-persisted-quantity="0" data-other-information="{&quot;catPath&quot;:&quot;1,2543&quot;,&quot;sale&quot;:false,&quot;newArrival&quot;:false,&quot;sponsored&quot;:false,&quot;includeContentTrackingInfo&quot;:true}">Add to Cart</button></div><span class="element-invisible" aria-live="assertive"></span></div></div><div class="spyglass-container"></div></li><li role="region" tabindex="-1" aria-label="Annie&#39;s Homegrown Bunny Fruit Snacks Summer Strawberry Organic - 5 ct" class="product-cell product-grid-cell product-grid-cell--quad" data-id="15-&gt;161941" data-position="16"><div class="confirmation-wrapper confirmation-wrapper--hidden" id="confirmation-wrapper--161941"><div class="confirmation-whitewash"><div class="confirmation-dialog"><div class="confirmation-dialog_messages" tabindex="0"><h4 class="confirmation-dialog_message-headline">Remove This Item From Your Cart?</h4></div><div class="confirmation-dialog_action-container"><div class="confirmation-dialog_confirmation-button"><button class="button button--fourth" tabindex="0" data-product-id="161941" data-cart-log-location="ORGANIC" data-persisted-quantity="undefined" data-price="3.99">OK</button></div><div class="confirmation-dialog_cancel-button"><button class="button button--fourth" tabindex="0" data-product-id="161941">Cancel</button></div></div></div></div></div><div class="confirmation-wrapper" style="display: none;"><div class="confirmation-whitewash"></div></div><img src="./Snacks_Candy_Organic_files/EXWBL.jpg" alt="Annie&#39;s Homegrown Bunny Fruit Snacks Summer Strawberry Organic - 5 ct" class="product-grid-cell_main-image" data-block-spinner="true" data-product-id="161941"><div class="product-grid-cell_price-tag"><div class="product-grid-cell_name" role="link" tabindex="0" data-block-spinner="true" data-product-id="161941"><h3 class="product-grid-cell_name-text select-text">Annie's Homegrown Bunny Fruit Snacks Summer Strawberry Organic - 5 ct</h3></div><div class="product-grid-cell_price-container" role="link" data-block-spinner="true" data-product-id="161941"><div class="product-grid-cell_regular-price-container"><span class="product-grid-cell_was" aria-hidden="true"></span><span class="product-grid-cell_regular-price"></span></div><span class="product-grid-cell_main-price select-text">$3.99</span><span class="product-grid-cell_hidden-price"></span></div><span class="product-grid-cell_size select-text" role="link" data-block-spinner="true" data-product-id="161941">4 oz box</span><span data-block-spinner="true" data-product-id="161941"><span class="product-grid-cell_unit select-text"> | $1.00 / oz</span></span><div class="buy-more-save-more_cta-grid-container"></div><div class="add-to-cart"><div class="add-to-cart_button"><button class="button button--add-to-cart" data-product-id="161941" data-price="3.99" data-cart-log-location="ORGANIC" data-persisted-quantity="0" data-other-information="{&quot;catPath&quot;:&quot;1,2543&quot;,&quot;sale&quot;:false,&quot;newArrival&quot;:false,&quot;sponsored&quot;:false,&quot;includeContentTrackingInfo&quot;:true}">Add to Cart</button></div><span class="element-invisible" aria-live="assertive"></span></div></div><div class="spyglass-container"></div></li><li role="region" tabindex="-1" aria-label="Hippeas Chickpea Puffs Vegan White Cheddar Organic" class="product-cell product-grid-cell product-grid-cell--quad" data-id="16-&gt;226852" data-position="17"><div class="confirmation-wrapper confirmation-wrapper--hidden" id="confirmation-wrapper--226852"><div class="confirmation-whitewash"><div class="confirmation-dialog"><div class="confirmation-dialog_messages" tabindex="0"><h4 class="confirmation-dialog_message-headline">Remove This Item From Your Cart?</h4></div><div class="confirmation-dialog_action-container"><div class="confirmation-dialog_confirmation-button"><button class="button button--fourth" tabindex="0" data-product-id="226852" data-cart-log-location="ORGANIC" data-persisted-quantity="undefined" data-price="3.79">OK</button></div><div class="confirmation-dialog_cancel-button"><button class="button button--fourth" tabindex="0" data-product-id="226852">Cancel</button></div></div></div></div></div><div class="confirmation-wrapper" style="display: none;"><div class="confirmation-whitewash"></div></div><img src="./Snacks_Candy_Organic_files/4RMFM.jpg" alt="Hippeas Chickpea Puffs Vegan White Cheddar Organic" class="product-grid-cell_main-image" data-block-spinner="true" data-product-id="226852"><div class="product-grid-cell_price-tag"><div class="product-grid-cell_name" role="link" tabindex="0" data-block-spinner="true" data-product-id="226852"><h3 class="product-grid-cell_name-text select-text">Hippeas Chickpea Puffs Vegan White Cheddar Organic</h3></div><div class="product-grid-cell_price-container" role="link" data-block-spinner="true" data-product-id="226852"><div class="product-grid-cell_regular-price-container"><span class="product-grid-cell_was" aria-hidden="true"></span><span class="product-grid-cell_regular-price"></span></div><span class="product-grid-cell_main-price select-text">$3.79</span><span class="product-grid-cell_hidden-price"></span></div><span class="product-grid-cell_size select-text" role="link" data-block-spinner="true" data-product-id="226852">4 oz bag</span><span data-block-spinner="true" data-product-id="226852"><span class="product-grid-cell_unit select-text"> | $0.95 / oz</span></span><div class="buy-more-save-more_cta-grid-container"></div><div class="add-to-cart"><div class="add-to-cart_button"><button class="button button--add-to-cart" data-product-id="226852" data-price="3.79" data-cart-log-location="ORGANIC" data-persisted-quantity="0" data-other-information="{&quot;catPath&quot;:&quot;1,2543&quot;,&quot;sale&quot;:false,&quot;newArrival&quot;:false,&quot;sponsored&quot;:false,&quot;includeContentTrackingInfo&quot;:true}">Add to Cart</button></div><span class="element-invisible" aria-live="assertive"></span></div></div><div class="spyglass-container"></div></li><li role="region" tabindex="-1" aria-label="Clif Energy Bar Crunchy Peanut Butter Organic" class="product-cell product-grid-cell product-grid-cell--quad" data-id="17-&gt;85932" data-position="18"><div class="confirmation-wrapper confirmation-wrapper--hidden" id="confirmation-wrapper--85932"><div class="confirmation-whitewash"><div class="confirmation-dialog"><div class="confirmation-dialog_messages" tabindex="0"><h4 class="confirmation-dialog_message-headline">Remove This Item From Your Cart?</h4></div><div class="confirmation-dialog_action-container"><div class="confirmation-dialog_confirmation-button"><button class="button button--fourth" tabindex="0" data-product-id="85932" data-cart-log-location="ORGANIC" data-persisted-quantity="undefined" data-price="1.29">OK</button></div><div class="confirmation-dialog_cancel-button"><button class="button button--fourth" tabindex="0" data-product-id="85932">Cancel</button></div></div></div></div></div><div class="confirmation-wrapper" style="display: none;"><div class="confirmation-whitewash"></div></div><div class="vector-icon_absolute--left vector-icon_absolute--top buy-more-save-more_sticker-outer-container" aria-label="buy more save more" tabindex="0" role="link" data-pod-group="1184441" data-block-spinner="true"><span class="vector-icon_inline-text--left buy-more-save-more_link buy-more-save-more_view-deal-sticker"><div class="vector-icon_outer-wrapper"><div class="vector-icon_container vector-icon-size--xxlarge"><svg version="1.1" x="0px" y="0px" focusable="false" viewBox="0 0 1022 1024" class="vector-icon-color--bmsm" role="presentation" aria-hidden="true"><title>view deal icon</title><desc>vew deal icon</desc><path d="M882.478 520.133c0 179.904-164.594 325.744-367.631 325.744s-367.631-145.841-367.631-325.744c0-179.904 164.594-325.744 367.631-325.744s367.631 145.841 367.631 325.744z" class="path1" fill="rgb(255, 255, 255)"></path><path d="M1004.073 382.272c-40.667-15.047-79.708-29.687-119.968-44.734 14.64-40.667 28.467-80.114 43.107-122.002-44.734 0-86.621 0.407-130.135 0.407-1.627-43.514-2.847-84.994-4.473-129.728-41.074 14.64-80.114 28.874-121.188 43.514-16.674-37.414-33.347-74.421-50.834-113.461-33.347 28.060-64.661 54.901-96.788 82.148-30.094-29.28-59.374-58.154-89.468-87.841-19.52 38.634-37.82 74.421-56.934 111.835-39.041-17.080-76.454-33.754-115.902-51.241-4.88 44.734-9.76 87.028-14.234 129.728-42.701-2.847-83.774-5.287-127.695-7.727 12.2 42.294 23.18 82.554 34.974 124.035-40.667 13.827-79.301 27.247-120.375 41.074 25.62 34.974 50.427 68.321 75.641 102.888-33.347 28.060-65.881 55.307-100.041 83.774 37.82 22.774 73.608 43.921 108.988 65.068-20.334 37.82-40.261 74.421-61.001 112.241 42.701 8.947 84.994 17.894 128.102 26.84-7.32 42.701-14.234 82.554-21.147 124.442 45.141-7.32 85.808-14.234 128.508-21.147 8.947 42.294 17.080 82.148 25.62 124.442 38.634-23.994 74.828-46.767 111.835-69.541 24.807 36.6 47.987 71.168 72.794 107.768 25.62-34.974 50.021-67.914 75.234-101.668 36.194 23.587 70.761 46.361 107.768 70.761 11.387-41.887 22.367-82.148 32.94-122.408 43.921 10.98 84.994 21.147 129.322 32.127-4.473-44.734-8.54-85.808-12.607-128.508 41.074-5.693 81.741-10.98 124.848-17.080-16.267-33.754-30.094-65.474-46.361-95.568-9.353-17.487-8.54-26.84 11.387-35.787 30.094-13.42 58.561-30.5 89.061-46.767-31.72-31.314-61.814-60.187-92.315-90.281 27.247-32.94 53.274-64.254 81.334-97.601z" class="path2" fill="rgb(0, 0, 0)"></path><path d="M286.704 537.214l-85.808-114.275 30.907-8.54 63.441 88.248 7.727-108.581 30.907-8.54-13.014 142.335-34.16 9.353z" class="path3" fill="rgb(255, 255, 255)"></path><path d="M396.912 506.307l-36.194-128.102 27.247-7.727 36.194 128.102-27.247 7.727z" class="path4" fill="rgb(255, 255, 255)"></path><path d="M464.013 487.193l-36.194-128.102 90.688-25.62 6.913 23.994-63.441 17.894 7.727 26.84 62.221-17.487 6.913 23.994-62.221 17.487 8.133 29.28 63.441-17.894 6.913 23.994-91.095 25.62z" class="path5" fill="rgb(255, 255, 255)"></path><path d="M688.496 423.752l-47.174-81.741 2.44 94.348-28.874 8.133-72.794-117.935 30.5-8.54 48.801 86.214-2.033-99.228 21.147-6.1 50.427 85.808-3.66-99.228 30.5-8.54-0.407 138.675-28.874 8.133z" class="path6" fill="rgb(255, 255, 255)"></path><path d="M297.684 713.709l-36.194-128.102 50.427-14.234c40.261-11.387 75.234 6.507 86.214 44.734 10.98 39.041-9.76 71.981-49.614 83.368l-50.834 14.234zM370.478 623.835c-6.507-22.367-25.214-36.194-51.241-28.874l-23.587 6.507 22.774 80.114 23.18-6.507c25.214-6.507 34.974-29.28 28.874-51.241z" class="path7" fill="rgb(255, 255, 255)"></path><path d="M450.186 670.602l-36.194-128.102 90.688-25.62 6.913 23.994-63.441 17.894 7.727 26.84 62.221-17.487 6.913 23.994-62.221 17.487 8.133 29.28 63.441-17.894 6.913 23.994-91.095 25.62z" class="path8" fill="rgb(255, 255, 255)"></path><path d="M665.315 610.008l-14.234-19.52-54.901 15.454-2.033 23.994-30.907 8.54 13.014-142.335 34.16-9.76 85.808 114.275-30.907 9.353zM601.468 518.913l-4.473 61.001 39.854-11.387-35.38-49.614z" class="path9" fill="rgb(255, 255, 255)"></path><path d="M721.843 594.148l-36.194-128.102 27.654-7.727 29.28 104.108 54.087-15.454 6.913 23.994-81.741 23.18z" class="path10" fill="rgb(255, 255, 255)"></path></svg></div></div><span class="element-invisible">View items in deal</span></span></div><img src="./Snacks_Candy_Organic_files/N8KET.jpg" alt="Clif Energy Bar Crunchy Peanut Butter Organic" class="product-grid-cell_main-image" data-block-spinner="true" data-product-id="85932"><div class="product-grid-cell_price-tag overlay--open" tabindex="0" aria-hidden="false"><div class="product-grid-cell_name" role="link" tabindex="0" data-block-spinner="true" data-product-id="85932"><h3 class="product-grid-cell_name-text select-text">Clif Energy Bar Crunchy Peanut Butter Organic</h3></div><div class="product-grid-cell_price-container" role="link" data-block-spinner="true" data-product-id="85932"><div class="product-grid-cell_regular-price-container"><span class="product-grid-cell_was" aria-hidden="true"></span><span class="product-grid-cell_regular-price"></span></div><span class="product-grid-cell_main-price select-text">$1.29</span><span class="product-grid-cell_hidden-price"></span></div><span class="product-grid-cell_size select-text" role="link" data-block-spinner="true" data-product-id="85932">2.4 oz bar</span><span data-block-spinner="true" data-product-id="85932"><span class="product-grid-cell_unit select-text"> | $0.54 / oz</span></span><div class="buy-more-save-more_cta-grid-container" aria-label="Buy 10 for $10" tabindex="0" role="link" data-pod-group="1184441" data-block-spinner="true"><span class="buy-more-save-more_cta buy-more-save-more_link">Buy 10 for $10<span aria-hidden="true"></span></span></div><div class="add-to-cart"><div class="add-to-cart_button"><button class="button button--add-to-cart" data-product-id="85932" data-price="1.29" data-cart-log-location="ORGANIC" data-persisted-quantity="0" data-other-information="{&quot;catPath&quot;:&quot;1,2543&quot;,&quot;sale&quot;:false,&quot;newArrival&quot;:false,&quot;sponsored&quot;:false,&quot;includeContentTrackingInfo&quot;:true}">Add to Cart</button></div><span class="element-invisible" aria-live="assertive"></span></div></div><div class="product-grid-cell_bulk-buy-container overlay--closed" tabindex="-1" aria-hidden="true"><bulk-buy-scroller other-information="otherInformation" on-close="onCloseBMSMOverlay()" product="product" cart-log-location="cartLogLocation" options="options" product-id="product.prodId"><!----><div ng-class="{&#39;bulk-buy-scroller_container--vertical&#39;: $ctrl.options.bulkBuyVerticalStyle}" class="bulk-buy-scroller_container bulk-buy-scroller_container--vertical" ng-if="$ctrl.shouldShowBulkBuy()"><!----><div class="bulk-buy-scroller_header-container" ng-if="$ctrl.isSIMQ() || (!$ctrl.isSIMQ() &amp;&amp; $ctrl.isShelf()) "><!----><h4 id="bulk-buy-scroller_heading--85932" class="bulk-buy-scroller_heading text-center" ng-class="{
            &#39;bulk-buy-scroller_heading--reverse&#39;: $ctrl.options.bulkBuyReverseStyle,
            &#39;text-center&#39;: $ctrl.isShelf()
        }">Buy More Save More</h4><!----><button ng-if="($ctrl.options.bulkBuyReverseStyle || $ctrl.options.bulkBuyVerticalStyle)" ng-click="$ctrl.close()" ng-class="{
            &#39;bulk-buy-scroller_close-button--reverse&#39;: $ctrl.options.bulkBuyReverseStyle,
            &#39;bulk-buy-scroller_close-button--vertical&#39;: $ctrl.options.bulkBuyVerticalStyle,
            &#39;button--white-no-border&#39;: $ctrl.state.currentQuantity === 0,
            &#39;button--lightest-grey&#39;: $ctrl.state.currentQuantity &gt; 0
            }" class="button bulk-buy-scroller_close-button bulk-buy-scroller_close-button--vertical button--white-no-border" aria-label="Close Promotion Options" tabindex="0"><div class="vector-icon_outer-wrapper" svg-id="icon_close" svg-class="vector-icon-color--dark-grey" container-class="vector-icon-size--xxsmall" svg-title="Close Icon" svg-description="X Icon" svg-role="presentation" svg-aria-hidden="true"><div class="vector-icon_container vector-icon-size--xxsmall"><svg version="1.1" x="0px" y="0px" focusable="false" viewBox="0 0 1024 1024" class="vector-icon-color--dark-grey" role="presentation" aria-hidden="true"><title>Close Icon</title><desc>X Icon</desc><path d="M20.685 1003.315c27.546 27.546 72.397 27.546 99.942 0l391.373-391.373 391.373 391.373c27.546 27.546 72.397 27.546 99.942 0s27.546-72.397 0-99.942l-391.373-391.373 391.373-391.373c27.546-27.546 27.546-72.397 0-99.942s-72.397-27.546-99.942 0l-391.373 391.373-391.373-391.373c-27.546-27.546-72.397-27.546-99.942 0s-27.546 72.397 0 99.942l391.373 391.373-391.373 391.373c-27.597 27.546-27.597 72.397 0 99.942z" class="path1"></path></svg></div></div></button><!----></div><!----><!----><div class="bulk-buy-scroller_mix-match-container bulk-buy-scroller_mix-match-container--vertical" ng-if="!$ctrl.isSIMQ() &amp;&amp; $ctrl.isShelf()" ng-class="{
            &#39;bulk-buy-scroller_mix-match-container--reverse&#39;: $ctrl.options.bulkBuyReverseStyle,
            &#39;bulk-buy-scroller_mix-match-container--vertical&#39;: $ctrl.options.bulkBuyVerticalStyle,
            &#39;bulk-buy-scroller_mix-match-container--normal&#39;: $ctrl.options.bulkBuyNormalStyle
        }"><button class="button bulk-buy-scroller_mix-match-button" ng-click="$ctrl.openProductGroup()" tabindex="0"><span class="bulk-buy-scroller_button-headline">Buy 10 for $10</span> <span class="bulk-buy-scroller_button-cta">Mix &amp; Match Options </span></button></div><!----><!----><!----></div><!----></bulk-buy-scroller><div class="add-to-cart"><div class="add-to-cart_button"><button class="button button--add-to-cart" data-product-id="85932" data-price="1.29" data-cart-log-location="ORGANIC" data-persisted-quantity="0" data-other-information="{&quot;catPath&quot;:&quot;1,2543&quot;,&quot;sale&quot;:false,&quot;newArrival&quot;:false,&quot;sponsored&quot;:false,&quot;includeContentTrackingInfo&quot;:true}">Add to Cart</button></div><span class="element-invisible" aria-live="assertive"></span></div></div><div class="spyglass-container"></div></li><li role="region" tabindex="-1" aria-label="Clif Energy Bar Chocolate Brownie Organic" class="product-cell product-grid-cell product-grid-cell--quad" data-id="18-&gt;140012" data-position="19"><div class="confirmation-wrapper confirmation-wrapper--hidden" id="confirmation-wrapper--140012"><div class="confirmation-whitewash"><div class="confirmation-dialog"><div class="confirmation-dialog_messages" tabindex="0"><h4 class="confirmation-dialog_message-headline">Remove This Item From Your Cart?</h4></div><div class="confirmation-dialog_action-container"><div class="confirmation-dialog_confirmation-button"><button class="button button--fourth" tabindex="0" data-product-id="140012" data-cart-log-location="ORGANIC" data-persisted-quantity="undefined" data-price="1.29">OK</button></div><div class="confirmation-dialog_cancel-button"><button class="button button--fourth" tabindex="0" data-product-id="140012">Cancel</button></div></div></div></div></div><div class="confirmation-wrapper" style="display: none;"><div class="confirmation-whitewash"></div></div><div class="vector-icon_absolute--left vector-icon_absolute--top buy-more-save-more_sticker-outer-container" aria-label="buy more save more" tabindex="0" role="link" data-pod-group="1184441" data-block-spinner="true"><span class="vector-icon_inline-text--left buy-more-save-more_link buy-more-save-more_view-deal-sticker"><div class="vector-icon_outer-wrapper"><div class="vector-icon_container vector-icon-size--xxlarge"><svg version="1.1" x="0px" y="0px" focusable="false" viewBox="0 0 1022 1024" class="vector-icon-color--bmsm" role="presentation" aria-hidden="true"><title>view deal icon</title><desc>vew deal icon</desc><path d="M882.478 520.133c0 179.904-164.594 325.744-367.631 325.744s-367.631-145.841-367.631-325.744c0-179.904 164.594-325.744 367.631-325.744s367.631 145.841 367.631 325.744z" class="path1" fill="rgb(255, 255, 255)"></path><path d="M1004.073 382.272c-40.667-15.047-79.708-29.687-119.968-44.734 14.64-40.667 28.467-80.114 43.107-122.002-44.734 0-86.621 0.407-130.135 0.407-1.627-43.514-2.847-84.994-4.473-129.728-41.074 14.64-80.114 28.874-121.188 43.514-16.674-37.414-33.347-74.421-50.834-113.461-33.347 28.060-64.661 54.901-96.788 82.148-30.094-29.28-59.374-58.154-89.468-87.841-19.52 38.634-37.82 74.421-56.934 111.835-39.041-17.080-76.454-33.754-115.902-51.241-4.88 44.734-9.76 87.028-14.234 129.728-42.701-2.847-83.774-5.287-127.695-7.727 12.2 42.294 23.18 82.554 34.974 124.035-40.667 13.827-79.301 27.247-120.375 41.074 25.62 34.974 50.427 68.321 75.641 102.888-33.347 28.060-65.881 55.307-100.041 83.774 37.82 22.774 73.608 43.921 108.988 65.068-20.334 37.82-40.261 74.421-61.001 112.241 42.701 8.947 84.994 17.894 128.102 26.84-7.32 42.701-14.234 82.554-21.147 124.442 45.141-7.32 85.808-14.234 128.508-21.147 8.947 42.294 17.080 82.148 25.62 124.442 38.634-23.994 74.828-46.767 111.835-69.541 24.807 36.6 47.987 71.168 72.794 107.768 25.62-34.974 50.021-67.914 75.234-101.668 36.194 23.587 70.761 46.361 107.768 70.761 11.387-41.887 22.367-82.148 32.94-122.408 43.921 10.98 84.994 21.147 129.322 32.127-4.473-44.734-8.54-85.808-12.607-128.508 41.074-5.693 81.741-10.98 124.848-17.080-16.267-33.754-30.094-65.474-46.361-95.568-9.353-17.487-8.54-26.84 11.387-35.787 30.094-13.42 58.561-30.5 89.061-46.767-31.72-31.314-61.814-60.187-92.315-90.281 27.247-32.94 53.274-64.254 81.334-97.601z" class="path2" fill="rgb(0, 0, 0)"></path><path d="M286.704 537.214l-85.808-114.275 30.907-8.54 63.441 88.248 7.727-108.581 30.907-8.54-13.014 142.335-34.16 9.353z" class="path3" fill="rgb(255, 255, 255)"></path><path d="M396.912 506.307l-36.194-128.102 27.247-7.727 36.194 128.102-27.247 7.727z" class="path4" fill="rgb(255, 255, 255)"></path><path d="M464.013 487.193l-36.194-128.102 90.688-25.62 6.913 23.994-63.441 17.894 7.727 26.84 62.221-17.487 6.913 23.994-62.221 17.487 8.133 29.28 63.441-17.894 6.913 23.994-91.095 25.62z" class="path5" fill="rgb(255, 255, 255)"></path><path d="M688.496 423.752l-47.174-81.741 2.44 94.348-28.874 8.133-72.794-117.935 30.5-8.54 48.801 86.214-2.033-99.228 21.147-6.1 50.427 85.808-3.66-99.228 30.5-8.54-0.407 138.675-28.874 8.133z" class="path6" fill="rgb(255, 255, 255)"></path><path d="M297.684 713.709l-36.194-128.102 50.427-14.234c40.261-11.387 75.234 6.507 86.214 44.734 10.98 39.041-9.76 71.981-49.614 83.368l-50.834 14.234zM370.478 623.835c-6.507-22.367-25.214-36.194-51.241-28.874l-23.587 6.507 22.774 80.114 23.18-6.507c25.214-6.507 34.974-29.28 28.874-51.241z" class="path7" fill="rgb(255, 255, 255)"></path><path d="M450.186 670.602l-36.194-128.102 90.688-25.62 6.913 23.994-63.441 17.894 7.727 26.84 62.221-17.487 6.913 23.994-62.221 17.487 8.133 29.28 63.441-17.894 6.913 23.994-91.095 25.62z" class="path8" fill="rgb(255, 255, 255)"></path><path d="M665.315 610.008l-14.234-19.52-54.901 15.454-2.033 23.994-30.907 8.54 13.014-142.335 34.16-9.76 85.808 114.275-30.907 9.353zM601.468 518.913l-4.473 61.001 39.854-11.387-35.38-49.614z" class="path9" fill="rgb(255, 255, 255)"></path><path d="M721.843 594.148l-36.194-128.102 27.654-7.727 29.28 104.108 54.087-15.454 6.913 23.994-81.741 23.18z" class="path10" fill="rgb(255, 255, 255)"></path></svg></div></div><span class="element-invisible">View items in deal</span></span></div><img src="./Snacks_Candy_Organic_files/HVLS4.jpg" alt="Clif Energy Bar Chocolate Brownie Organic" class="product-grid-cell_main-image" data-block-spinner="true" data-product-id="140012"><div class="product-grid-cell_price-tag overlay--open" tabindex="0" aria-hidden="false"><div class="product-grid-cell_name" role="link" tabindex="0" data-block-spinner="true" data-product-id="140012"><h3 class="product-grid-cell_name-text select-text">Clif Energy Bar Chocolate Brownie Organic</h3></div><div class="product-grid-cell_price-container" role="link" data-block-spinner="true" data-product-id="140012"><div class="product-grid-cell_regular-price-container"><span class="product-grid-cell_was" aria-hidden="true"></span><span class="product-grid-cell_regular-price"></span></div><span class="product-grid-cell_main-price select-text">$1.29</span><span class="product-grid-cell_hidden-price"></span></div><span class="product-grid-cell_size select-text" role="link" data-block-spinner="true" data-product-id="140012">2.4 oz bar</span><span data-block-spinner="true" data-product-id="140012"><span class="product-grid-cell_unit select-text"> | $0.54 / oz</span></span><div class="buy-more-save-more_cta-grid-container" aria-label="Buy 10 for $10" tabindex="0" role="link" data-pod-group="1184441" data-block-spinner="true"><span class="buy-more-save-more_cta buy-more-save-more_link">Buy 10 for $10<span aria-hidden="true"></span></span></div><div class="add-to-cart"><div class="add-to-cart_button"><button class="button button--add-to-cart" data-product-id="140012" data-price="1.29" data-cart-log-location="ORGANIC" data-persisted-quantity="0" data-other-information="{&quot;catPath&quot;:&quot;1,2543&quot;,&quot;sale&quot;:false,&quot;newArrival&quot;:false,&quot;sponsored&quot;:false,&quot;includeContentTrackingInfo&quot;:true}">Add to Cart</button></div><span class="element-invisible" aria-live="assertive"></span></div></div><div class="product-grid-cell_bulk-buy-container overlay--closed" tabindex="-1" aria-hidden="true"><bulk-buy-scroller other-information="otherInformation" on-close="onCloseBMSMOverlay()" product="product" cart-log-location="cartLogLocation" options="options" product-id="product.prodId"><!----><div ng-class="{&#39;bulk-buy-scroller_container--vertical&#39;: $ctrl.options.bulkBuyVerticalStyle}" class="bulk-buy-scroller_container bulk-buy-scroller_container--vertical" ng-if="$ctrl.shouldShowBulkBuy()"><!----><div class="bulk-buy-scroller_header-container" ng-if="$ctrl.isSIMQ() || (!$ctrl.isSIMQ() &amp;&amp; $ctrl.isShelf()) "><!----><h4 id="bulk-buy-scroller_heading--140012" class="bulk-buy-scroller_heading text-center" ng-class="{
            &#39;bulk-buy-scroller_heading--reverse&#39;: $ctrl.options.bulkBuyReverseStyle,
            &#39;text-center&#39;: $ctrl.isShelf()
        }">Buy More Save More</h4><!----><button ng-if="($ctrl.options.bulkBuyReverseStyle || $ctrl.options.bulkBuyVerticalStyle)" ng-click="$ctrl.close()" ng-class="{
            &#39;bulk-buy-scroller_close-button--reverse&#39;: $ctrl.options.bulkBuyReverseStyle,
            &#39;bulk-buy-scroller_close-button--vertical&#39;: $ctrl.options.bulkBuyVerticalStyle,
            &#39;button--white-no-border&#39;: $ctrl.state.currentQuantity === 0,
            &#39;button--lightest-grey&#39;: $ctrl.state.currentQuantity &gt; 0
            }" class="button bulk-buy-scroller_close-button bulk-buy-scroller_close-button--vertical button--white-no-border" aria-label="Close Promotion Options" tabindex="0"><div class="vector-icon_outer-wrapper" svg-id="icon_close" svg-class="vector-icon-color--dark-grey" container-class="vector-icon-size--xxsmall" svg-title="Close Icon" svg-description="X Icon" svg-role="presentation" svg-aria-hidden="true"><div class="vector-icon_container vector-icon-size--xxsmall"><svg version="1.1" x="0px" y="0px" focusable="false" viewBox="0 0 1024 1024" class="vector-icon-color--dark-grey" role="presentation" aria-hidden="true"><title>Close Icon</title><desc>X Icon</desc><path d="M20.685 1003.315c27.546 27.546 72.397 27.546 99.942 0l391.373-391.373 391.373 391.373c27.546 27.546 72.397 27.546 99.942 0s27.546-72.397 0-99.942l-391.373-391.373 391.373-391.373c27.546-27.546 27.546-72.397 0-99.942s-72.397-27.546-99.942 0l-391.373 391.373-391.373-391.373c-27.546-27.546-72.397-27.546-99.942 0s-27.546 72.397 0 99.942l391.373 391.373-391.373 391.373c-27.597 27.546-27.597 72.397 0 99.942z" class="path1"></path></svg></div></div></button><!----></div><!----><!----><div class="bulk-buy-scroller_mix-match-container bulk-buy-scroller_mix-match-container--vertical" ng-if="!$ctrl.isSIMQ() &amp;&amp; $ctrl.isShelf()" ng-class="{
            &#39;bulk-buy-scroller_mix-match-container--reverse&#39;: $ctrl.options.bulkBuyReverseStyle,
            &#39;bulk-buy-scroller_mix-match-container--vertical&#39;: $ctrl.options.bulkBuyVerticalStyle,
            &#39;bulk-buy-scroller_mix-match-container--normal&#39;: $ctrl.options.bulkBuyNormalStyle
        }"><button class="button bulk-buy-scroller_mix-match-button" ng-click="$ctrl.openProductGroup()" tabindex="0"><span class="bulk-buy-scroller_button-headline">Buy 10 for $10</span> <span class="bulk-buy-scroller_button-cta">Mix &amp; Match Options </span></button></div><!----><!----><!----></div><!----></bulk-buy-scroller><div class="add-to-cart"><div class="add-to-cart_button"><button class="button button--add-to-cart" data-product-id="140012" data-price="1.29" data-cart-log-location="ORGANIC" data-persisted-quantity="0" data-other-information="{&quot;catPath&quot;:&quot;1,2543&quot;,&quot;sale&quot;:false,&quot;newArrival&quot;:false,&quot;sponsored&quot;:false,&quot;includeContentTrackingInfo&quot;:true}">Add to Cart</button></div><span class="element-invisible" aria-live="assertive"></span></div></div><div class="spyglass-container"></div></li><li role="region" tabindex="-1" aria-label="Nature&#39;s Promise Organic Animal Cookies" class="product-cell product-grid-cell product-grid-cell--quad" data-id="19-&gt;147643" data-position="20"><div class="confirmation-wrapper confirmation-wrapper--hidden" id="confirmation-wrapper--147643"><div class="confirmation-whitewash"><div class="confirmation-dialog"><div class="confirmation-dialog_messages" tabindex="0"><h4 class="confirmation-dialog_message-headline">Remove This Item From Your Cart?</h4></div><div class="confirmation-dialog_action-container"><div class="confirmation-dialog_confirmation-button"><button class="button button--fourth" tabindex="0" data-product-id="147643" data-cart-log-location="ORGANIC" data-persisted-quantity="undefined" data-price="2.69">OK</button></div><div class="confirmation-dialog_cancel-button"><button class="button button--fourth" tabindex="0" data-product-id="147643">Cancel</button></div></div></div></div></div><div class="confirmation-wrapper" style="display: none;"><div class="confirmation-whitewash"></div></div><img src="./Snacks_Candy_Organic_files/EBWYI.jpg" alt="Nature&#39;s Promise Organic Animal Cookies" class="product-grid-cell_main-image" data-block-spinner="true" data-product-id="147643"><div class="product-grid-cell_price-tag"><div class="product-grid-cell_name" role="link" tabindex="0" data-block-spinner="true" data-product-id="147643"><h3 class="product-grid-cell_name-text select-text"><span class="vector-icon_inline-text--left"><div class="vector-icon_outer-wrapper"><div class="vector-icon_container vector-icon-size--xsmall"><svg version="1.1" x="0px" y="0px" focusable="false" viewBox="0 0 945 1024" class="" role="presentation" aria-hidden="true"><title>Ahold Wedge Icon</title><desc>Ahold Icon</desc><path d="M1.893 730.617c-1.289-2.094-2.052-4.631-2.052-7.346 0-0.747 0.058-1.481 0.169-2.197 0.158-12.396 10.227-22.466 22.687-22.634l895.306-0c12.476 0.168 22.545 10.237 22.713 22.698-0.521 3.721-1.182 6.924-2.024 10.053l0.131-0.574c-86.363 175.072-263.598 293.385-468.466 293.385s-382.103-118.313-467.105-290.339l-1.361-3.046z" class="path1" fill="rgb(247, 168, 0)"></path><path d="M107.889 132.495c1.893-1.893 1.893-3.786 3.786-5.678 2.98-3.491 7.385-5.69 12.303-5.69s9.323 2.199 12.284 5.668l0.019 0.022 476.983 476.983c3.491 2.98 5.69 7.385 5.69 12.303s-2.199 9.323-5.668 12.284c-1.399 1.869-3.361 3.216-5.631 3.789l-0.069 0.015c-38.446 13.732-82.796 21.669-129.001 21.669-108.416 0-206.626-43.699-277.977-114.443-70.367-71.826-113.809-170.317-113.809-278.955 0-45.803 7.722-89.803 21.936-130.767l-0.845 2.8z" class="path2" fill="rgb(226, 35, 26)"></path><path d="M600.015 1.893c1.247-1.204 2.948-1.946 4.822-1.946 0.302 0 0.6 0.019 0.891 0.057 0.057-0.006 0.164-0.007 0.272-0.007 7.15 0 12.947 5.796 12.947 12.947 0 0.108-0.001 0.215-0.004 0.322l0-0.016v503.482c0.002 0.091 0.004 0.199 0.004 0.306 0 7.15-5.796 12.947-12.947 12.947-0.108 0-0.215-0.001-0.322-0.004-0.241 0.034-0.539 0.053-0.841 0.053-1.874 0-3.574-0.742-4.824-1.948l0.002 0.002c-98.273-48.542-164.673-148.065-164.673-263.098s66.401-214.556 162.964-262.333l1.709-0.765z" class="path3" fill="rgb(113, 33, 119)"></path><path d="M938.824 283.919c1.893 0 1.893 1.893 3.786 1.893 1.765 2.012 2.841 4.666 2.841 7.571s-1.077 5.559-2.853 7.584l0.011-0.013-268.776 266.884c-2.012 1.765-4.666 2.841-7.571 2.841s-5.559-1.077-7.584-2.853c-1.144-0.651-1.911-1.879-1.911-3.285 0-0.172 0.012-0.342 0.034-0.508l-0.002 0.019c-7.681-21.529-12.12-46.363-12.12-72.235 0-61.263 24.891-116.712 65.111-156.786 39.326-39.792 93.895-64.431 154.219-64.431 26.857 0 52.573 4.884 76.309 13.812l-1.494-0.493z" class="path4" fill="rgb(130, 188, 0)"></path></svg></div></div></span>Nature's Promise Organic Animal Cookies</h3></div><div class="product-grid-cell_price-container" role="link" data-block-spinner="true" data-product-id="147643"><div class="product-grid-cell_regular-price-container"><span class="product-grid-cell_was" aria-hidden="true"></span><span class="product-grid-cell_regular-price"></span></div><span class="product-grid-cell_main-price select-text">$2.69</span><span class="product-grid-cell_hidden-price"></span></div><span class="product-grid-cell_size select-text" role="link" data-block-spinner="true" data-product-id="147643">8 oz bag</span><span data-block-spinner="true" data-product-id="147643"><span class="product-grid-cell_unit select-text"> | $0.34 / oz</span></span><div class="buy-more-save-more_cta-grid-container"></div><div class="add-to-cart"><div class="add-to-cart_button"><button class="button button--add-to-cart" data-product-id="147643" data-price="2.69" data-cart-log-location="ORGANIC" data-persisted-quantity="0" data-other-information="{&quot;catPath&quot;:&quot;1,2543&quot;,&quot;sale&quot;:false,&quot;newArrival&quot;:false,&quot;sponsored&quot;:false,&quot;includeContentTrackingInfo&quot;:true}">Add to Cart</button></div><span class="element-invisible" aria-live="assertive"></span></div></div><div class="spyglass-container"></div></li><li><div collection-interweave-item="interwovenContent"><div generic-content-interweave-datasource="" data="interwovenContent.content.content" region="browse_aisles_shelf_content" class=""><div generic-content-region="" region="browse_aisles_shelf_content" interwoven="true"><div><div ng-class="methods.classForRegionSize(regionSize, ! content.model.contentData[ interwovenContent.content.region ], methods.contentLayouts(content.model.contentData[ interwovenContent.content.region ], regionSize).layout.length )" width-variable="regionSize" width-values="widthBreakpoints.defaultBreakpoints" class="generic-content_region-contents--medium"><!----><div ng-class="methods.classForContentItem(contentItem, $last, $first)" ng-repeat="contentItem in methods.contentLayouts(content.model.contentData[ interwovenContent.content.region ], regionSize).layout" class="generic-content_content-item--full-width generic-content_content-item--omega generic-content_content-item--alpha"><div class="generic-content_renderer" generic-content-renderer="contentItem"><div class="generic-content_renderer-contents" ng-class="{&#39;generic-content_renderer-contents--loading&#39; : state.preloading}" style=""><div ng-switch="" on="adContentWidth" content-interaction-tracker="" width-variable="adContentWidth" width-values="widthBreakpoints.defaultBreakpoints"><!----><!----><div ng-switch-default="" class="generic-content_content-item-table" quotient-ad-datasource=""><div class="adsense_wrapper adsense_wrapper--alpha generic-content_content-item-table-cell"><div class="adsense_container" quotient-ad="" classes="interwoven ? &#39;interweaved-content_leader interweaved-content_trailer&#39; : &#39;splash-page_ads-container&#39;" size="[728,90]" cat-tree-id="productData.category.categoryTreeId" keywords="productData.keywords"><div id="gpt-ad-137" class="interweaved-content_leader interweaved-content_trailer"></div></div></div></div><!----></div></div><div class="generic-content_renderer-animation-container animation-fade ng-hide" ng-hide="!state.preloading" style=""><div width-variable="contentSize" width-observer="contentMethods.contentWidthObserver" width-values="widthBreakpoints.defaultBreakpoints" class="generic-content_renderer-animation "></div></div></div></div><!----></div></div></div></div></div></li><li role="region" tabindex="-1" aria-label="Late July Tortilla Chips Multigrain Restaurant Style Sea Salt Organic" class="product-cell product-grid-cell product-grid-cell--quad" data-id="21-&gt;209911" data-position="21"><div class="confirmation-wrapper confirmation-wrapper--hidden" id="confirmation-wrapper--209911"><div class="confirmation-whitewash"><div class="confirmation-dialog"><div class="confirmation-dialog_messages" tabindex="0"><h4 class="confirmation-dialog_message-headline">Remove This Item From Your Cart?</h4></div><div class="confirmation-dialog_action-container"><div class="confirmation-dialog_confirmation-button"><button class="button button--fourth" tabindex="0" data-product-id="209911" data-cart-log-location="ORGANIC" data-persisted-quantity="undefined" data-price="4.69">OK</button></div><div class="confirmation-dialog_cancel-button"><button class="button button--fourth" tabindex="0" data-product-id="209911">Cancel</button></div></div></div></div></div><div class="confirmation-wrapper" style="display: none;"><div class="confirmation-whitewash"></div></div><img src="./Snacks_Candy_Organic_files/98FG3.jpg" alt="Late July Tortilla Chips Multigrain Restaurant Style Sea Salt Organic" class="product-grid-cell_main-image" data-block-spinner="true" data-product-id="209911"><div class="product-grid-cell_price-tag"><div class="product-grid-cell_name" role="link" tabindex="0" data-block-spinner="true" data-product-id="209911"><h3 class="product-grid-cell_name-text select-text">Late July Tortilla Chips Multigrain Restaurant Style Sea Salt Organic</h3></div><div class="product-grid-cell_price-container" role="link" data-block-spinner="true" data-product-id="209911"><div class="product-grid-cell_regular-price-container"><span class="product-grid-cell_was" aria-hidden="true"></span><span class="product-grid-cell_regular-price"></span></div><span class="product-grid-cell_main-price select-text">$4.69</span><span class="product-grid-cell_hidden-price"></span></div><span class="product-grid-cell_size select-text" role="link" data-block-spinner="true" data-product-id="209911">11 oz bag</span><span data-block-spinner="true" data-product-id="209911"><span class="product-grid-cell_unit select-text"> | $0.43 / oz</span></span><div class="buy-more-save-more_cta-grid-container"></div><div class="add-to-cart"><div class="add-to-cart_button"><button class="button button--add-to-cart" data-product-id="209911" data-price="4.69" data-cart-log-location="ORGANIC" data-persisted-quantity="0" data-other-information="{&quot;catPath&quot;:&quot;1,2543&quot;,&quot;sale&quot;:false,&quot;newArrival&quot;:false,&quot;sponsored&quot;:false,&quot;includeContentTrackingInfo&quot;:true}">Add to Cart</button></div><span class="element-invisible" aria-live="assertive"></span></div></div><div class="spyglass-container"></div></li><li role="region" tabindex="-1" aria-label="Clif Energy Bar Cool Mint Chocolate Organic" class="product-cell product-grid-cell product-grid-cell--quad" data-id="22-&gt;152191" data-position="22"><div class="confirmation-wrapper confirmation-wrapper--hidden" id="confirmation-wrapper--152191"><div class="confirmation-whitewash"><div class="confirmation-dialog"><div class="confirmation-dialog_messages" tabindex="0"><h4 class="confirmation-dialog_message-headline">Remove This Item From Your Cart?</h4></div><div class="confirmation-dialog_action-container"><div class="confirmation-dialog_confirmation-button"><button class="button button--fourth" tabindex="0" data-product-id="152191" data-cart-log-location="ORGANIC" data-persisted-quantity="undefined" data-price="1.29">OK</button></div><div class="confirmation-dialog_cancel-button"><button class="button button--fourth" tabindex="0" data-product-id="152191">Cancel</button></div></div></div></div></div><div class="confirmation-wrapper" style="display: none;"><div class="confirmation-whitewash"></div></div><div class="vector-icon_absolute--left vector-icon_absolute--top buy-more-save-more_sticker-outer-container" aria-label="buy more save more" tabindex="0" role="link" data-pod-group="1184441" data-block-spinner="true"><span class="vector-icon_inline-text--left buy-more-save-more_link buy-more-save-more_view-deal-sticker"><div class="vector-icon_outer-wrapper"><div class="vector-icon_container vector-icon-size--xxlarge"><svg version="1.1" x="0px" y="0px" focusable="false" viewBox="0 0 1022 1024" class="vector-icon-color--bmsm" role="presentation" aria-hidden="true"><title>view deal icon</title><desc>vew deal icon</desc><path d="M882.478 520.133c0 179.904-164.594 325.744-367.631 325.744s-367.631-145.841-367.631-325.744c0-179.904 164.594-325.744 367.631-325.744s367.631 145.841 367.631 325.744z" class="path1" fill="rgb(255, 255, 255)"></path><path d="M1004.073 382.272c-40.667-15.047-79.708-29.687-119.968-44.734 14.64-40.667 28.467-80.114 43.107-122.002-44.734 0-86.621 0.407-130.135 0.407-1.627-43.514-2.847-84.994-4.473-129.728-41.074 14.64-80.114 28.874-121.188 43.514-16.674-37.414-33.347-74.421-50.834-113.461-33.347 28.060-64.661 54.901-96.788 82.148-30.094-29.28-59.374-58.154-89.468-87.841-19.52 38.634-37.82 74.421-56.934 111.835-39.041-17.080-76.454-33.754-115.902-51.241-4.88 44.734-9.76 87.028-14.234 129.728-42.701-2.847-83.774-5.287-127.695-7.727 12.2 42.294 23.18 82.554 34.974 124.035-40.667 13.827-79.301 27.247-120.375 41.074 25.62 34.974 50.427 68.321 75.641 102.888-33.347 28.060-65.881 55.307-100.041 83.774 37.82 22.774 73.608 43.921 108.988 65.068-20.334 37.82-40.261 74.421-61.001 112.241 42.701 8.947 84.994 17.894 128.102 26.84-7.32 42.701-14.234 82.554-21.147 124.442 45.141-7.32 85.808-14.234 128.508-21.147 8.947 42.294 17.080 82.148 25.62 124.442 38.634-23.994 74.828-46.767 111.835-69.541 24.807 36.6 47.987 71.168 72.794 107.768 25.62-34.974 50.021-67.914 75.234-101.668 36.194 23.587 70.761 46.361 107.768 70.761 11.387-41.887 22.367-82.148 32.94-122.408 43.921 10.98 84.994 21.147 129.322 32.127-4.473-44.734-8.54-85.808-12.607-128.508 41.074-5.693 81.741-10.98 124.848-17.080-16.267-33.754-30.094-65.474-46.361-95.568-9.353-17.487-8.54-26.84 11.387-35.787 30.094-13.42 58.561-30.5 89.061-46.767-31.72-31.314-61.814-60.187-92.315-90.281 27.247-32.94 53.274-64.254 81.334-97.601z" class="path2" fill="rgb(0, 0, 0)"></path><path d="M286.704 537.214l-85.808-114.275 30.907-8.54 63.441 88.248 7.727-108.581 30.907-8.54-13.014 142.335-34.16 9.353z" class="path3" fill="rgb(255, 255, 255)"></path><path d="M396.912 506.307l-36.194-128.102 27.247-7.727 36.194 128.102-27.247 7.727z" class="path4" fill="rgb(255, 255, 255)"></path><path d="M464.013 487.193l-36.194-128.102 90.688-25.62 6.913 23.994-63.441 17.894 7.727 26.84 62.221-17.487 6.913 23.994-62.221 17.487 8.133 29.28 63.441-17.894 6.913 23.994-91.095 25.62z" class="path5" fill="rgb(255, 255, 255)"></path><path d="M688.496 423.752l-47.174-81.741 2.44 94.348-28.874 8.133-72.794-117.935 30.5-8.54 48.801 86.214-2.033-99.228 21.147-6.1 50.427 85.808-3.66-99.228 30.5-8.54-0.407 138.675-28.874 8.133z" class="path6" fill="rgb(255, 255, 255)"></path><path d="M297.684 713.709l-36.194-128.102 50.427-14.234c40.261-11.387 75.234 6.507 86.214 44.734 10.98 39.041-9.76 71.981-49.614 83.368l-50.834 14.234zM370.478 623.835c-6.507-22.367-25.214-36.194-51.241-28.874l-23.587 6.507 22.774 80.114 23.18-6.507c25.214-6.507 34.974-29.28 28.874-51.241z" class="path7" fill="rgb(255, 255, 255)"></path><path d="M450.186 670.602l-36.194-128.102 90.688-25.62 6.913 23.994-63.441 17.894 7.727 26.84 62.221-17.487 6.913 23.994-62.221 17.487 8.133 29.28 63.441-17.894 6.913 23.994-91.095 25.62z" class="path8" fill="rgb(255, 255, 255)"></path><path d="M665.315 610.008l-14.234-19.52-54.901 15.454-2.033 23.994-30.907 8.54 13.014-142.335 34.16-9.76 85.808 114.275-30.907 9.353zM601.468 518.913l-4.473 61.001 39.854-11.387-35.38-49.614z" class="path9" fill="rgb(255, 255, 255)"></path><path d="M721.843 594.148l-36.194-128.102 27.654-7.727 29.28 104.108 54.087-15.454 6.913 23.994-81.741 23.18z" class="path10" fill="rgb(255, 255, 255)"></path></svg></div></div><span class="element-invisible">View items in deal</span></span></div><img src="./Snacks_Candy_Organic_files/PCKYK.jpg" alt="Clif Energy Bar Cool Mint Chocolate Organic" class="product-grid-cell_main-image" data-block-spinner="true" data-product-id="152191"><div class="product-grid-cell_price-tag overlay--open" tabindex="0" aria-hidden="false"><div class="product-grid-cell_name" role="link" tabindex="0" data-block-spinner="true" data-product-id="152191"><h3 class="product-grid-cell_name-text select-text">Clif Energy Bar Cool Mint Chocolate Organic</h3></div><div class="product-grid-cell_price-container" role="link" data-block-spinner="true" data-product-id="152191"><div class="product-grid-cell_regular-price-container"><span class="product-grid-cell_was" aria-hidden="true"></span><span class="product-grid-cell_regular-price"></span></div><span class="product-grid-cell_main-price select-text">$1.29</span><span class="product-grid-cell_hidden-price"></span></div><span class="product-grid-cell_size select-text" role="link" data-block-spinner="true" data-product-id="152191">2.4 oz bar</span><span data-block-spinner="true" data-product-id="152191"><span class="product-grid-cell_unit select-text"> | $0.54 / oz</span></span><div class="buy-more-save-more_cta-grid-container" aria-label="Buy 10 for $10" tabindex="0" role="link" data-pod-group="1184441" data-block-spinner="true"><span class="buy-more-save-more_cta buy-more-save-more_link">Buy 10 for $10<span aria-hidden="true"></span></span></div><div class="add-to-cart"><div class="add-to-cart_button"><button class="button button--add-to-cart" data-product-id="152191" data-price="1.29" data-cart-log-location="ORGANIC" data-persisted-quantity="0" data-other-information="{&quot;catPath&quot;:&quot;1,2543&quot;,&quot;sale&quot;:false,&quot;newArrival&quot;:false,&quot;sponsored&quot;:false,&quot;includeContentTrackingInfo&quot;:true}">Add to Cart</button></div><span class="element-invisible" aria-live="assertive"></span></div></div><div class="product-grid-cell_bulk-buy-container overlay--closed" tabindex="-1" aria-hidden="true"><bulk-buy-scroller other-information="otherInformation" on-close="onCloseBMSMOverlay()" product="product" cart-log-location="cartLogLocation" options="options" product-id="product.prodId"><!----><div ng-class="{&#39;bulk-buy-scroller_container--vertical&#39;: $ctrl.options.bulkBuyVerticalStyle}" class="bulk-buy-scroller_container bulk-buy-scroller_container--vertical" ng-if="$ctrl.shouldShowBulkBuy()"><!----><div class="bulk-buy-scroller_header-container" ng-if="$ctrl.isSIMQ() || (!$ctrl.isSIMQ() &amp;&amp; $ctrl.isShelf()) "><!----><h4 id="bulk-buy-scroller_heading--152191" class="bulk-buy-scroller_heading text-center" ng-class="{
            &#39;bulk-buy-scroller_heading--reverse&#39;: $ctrl.options.bulkBuyReverseStyle,
            &#39;text-center&#39;: $ctrl.isShelf()
        }">Buy More Save More</h4><!----><button ng-if="($ctrl.options.bulkBuyReverseStyle || $ctrl.options.bulkBuyVerticalStyle)" ng-click="$ctrl.close()" ng-class="{
            &#39;bulk-buy-scroller_close-button--reverse&#39;: $ctrl.options.bulkBuyReverseStyle,
            &#39;bulk-buy-scroller_close-button--vertical&#39;: $ctrl.options.bulkBuyVerticalStyle,
            &#39;button--white-no-border&#39;: $ctrl.state.currentQuantity === 0,
            &#39;button--lightest-grey&#39;: $ctrl.state.currentQuantity &gt; 0
            }" class="button bulk-buy-scroller_close-button bulk-buy-scroller_close-button--vertical button--white-no-border" aria-label="Close Promotion Options" tabindex="0"><div class="vector-icon_outer-wrapper" svg-id="icon_close" svg-class="vector-icon-color--dark-grey" container-class="vector-icon-size--xxsmall" svg-title="Close Icon" svg-description="X Icon" svg-role="presentation" svg-aria-hidden="true"><div class="vector-icon_container vector-icon-size--xxsmall"><svg version="1.1" x="0px" y="0px" focusable="false" viewBox="0 0 1024 1024" class="vector-icon-color--dark-grey" role="presentation" aria-hidden="true"><title>Close Icon</title><desc>X Icon</desc><path d="M20.685 1003.315c27.546 27.546 72.397 27.546 99.942 0l391.373-391.373 391.373 391.373c27.546 27.546 72.397 27.546 99.942 0s27.546-72.397 0-99.942l-391.373-391.373 391.373-391.373c27.546-27.546 27.546-72.397 0-99.942s-72.397-27.546-99.942 0l-391.373 391.373-391.373-391.373c-27.546-27.546-72.397-27.546-99.942 0s-27.546 72.397 0 99.942l391.373 391.373-391.373 391.373c-27.597 27.546-27.597 72.397 0 99.942z" class="path1"></path></svg></div></div></button><!----></div><!----><!----><div class="bulk-buy-scroller_mix-match-container bulk-buy-scroller_mix-match-container--vertical" ng-if="!$ctrl.isSIMQ() &amp;&amp; $ctrl.isShelf()" ng-class="{
            &#39;bulk-buy-scroller_mix-match-container--reverse&#39;: $ctrl.options.bulkBuyReverseStyle,
            &#39;bulk-buy-scroller_mix-match-container--vertical&#39;: $ctrl.options.bulkBuyVerticalStyle,
            &#39;bulk-buy-scroller_mix-match-container--normal&#39;: $ctrl.options.bulkBuyNormalStyle
        }"><button class="button bulk-buy-scroller_mix-match-button" ng-click="$ctrl.openProductGroup()" tabindex="0"><span class="bulk-buy-scroller_button-headline">Buy 10 for $10</span> <span class="bulk-buy-scroller_button-cta">Mix &amp; Match Options </span></button></div><!----><!----><!----></div><!----></bulk-buy-scroller><div class="add-to-cart"><div class="add-to-cart_button"><button class="button button--add-to-cart" data-product-id="152191" data-price="1.29" data-cart-log-location="ORGANIC" data-persisted-quantity="0" data-other-information="{&quot;catPath&quot;:&quot;1,2543&quot;,&quot;sale&quot;:false,&quot;newArrival&quot;:false,&quot;sponsored&quot;:false,&quot;includeContentTrackingInfo&quot;:true}">Add to Cart</button></div><span class="element-invisible" aria-live="assertive"></span></div></div><div class="spyglass-container"></div></li><li role="region" tabindex="-1" aria-label="Nature&#39;s Promise Organic Hummus Original - 4 pk" class="product-cell product-grid-cell product-grid-cell--quad" data-id="23-&gt;220030" data-position="23"><div class="confirmation-wrapper confirmation-wrapper--hidden" id="confirmation-wrapper--220030"><div class="confirmation-whitewash"><div class="confirmation-dialog"><div class="confirmation-dialog_messages" tabindex="0"><h4 class="confirmation-dialog_message-headline">Remove This Item From Your Cart?</h4></div><div class="confirmation-dialog_action-container"><div class="confirmation-dialog_confirmation-button"><button class="button button--fourth" tabindex="0" data-product-id="220030" data-cart-log-location="ORGANIC" data-persisted-quantity="undefined" data-price="3.69">OK</button></div><div class="confirmation-dialog_cancel-button"><button class="button button--fourth" tabindex="0" data-product-id="220030">Cancel</button></div></div></div></div></div><div class="confirmation-wrapper" style="display: none;"><div class="confirmation-whitewash"></div></div><img src="./Snacks_Candy_Organic_files/DCX3M.jpg" alt="Nature&#39;s Promise Organic Hummus Original - 4 pk" class="product-grid-cell_main-image" data-block-spinner="true" data-product-id="220030"><div class="product-grid-cell_price-tag"><div class="product-grid-cell_name" role="link" tabindex="0" data-block-spinner="true" data-product-id="220030"><h3 class="product-grid-cell_name-text select-text"><span class="vector-icon_inline-text--left"><div class="vector-icon_outer-wrapper"><div class="vector-icon_container vector-icon-size--xsmall"><svg version="1.1" x="0px" y="0px" focusable="false" viewBox="0 0 945 1024" class="" role="presentation" aria-hidden="true"><title>Ahold Wedge Icon</title><desc>Ahold Icon</desc><path d="M1.893 730.617c-1.289-2.094-2.052-4.631-2.052-7.346 0-0.747 0.058-1.481 0.169-2.197 0.158-12.396 10.227-22.466 22.687-22.634l895.306-0c12.476 0.168 22.545 10.237 22.713 22.698-0.521 3.721-1.182 6.924-2.024 10.053l0.131-0.574c-86.363 175.072-263.598 293.385-468.466 293.385s-382.103-118.313-467.105-290.339l-1.361-3.046z" class="path1" fill="rgb(247, 168, 0)"></path><path d="M107.889 132.495c1.893-1.893 1.893-3.786 3.786-5.678 2.98-3.491 7.385-5.69 12.303-5.69s9.323 2.199 12.284 5.668l0.019 0.022 476.983 476.983c3.491 2.98 5.69 7.385 5.69 12.303s-2.199 9.323-5.668 12.284c-1.399 1.869-3.361 3.216-5.631 3.789l-0.069 0.015c-38.446 13.732-82.796 21.669-129.001 21.669-108.416 0-206.626-43.699-277.977-114.443-70.367-71.826-113.809-170.317-113.809-278.955 0-45.803 7.722-89.803 21.936-130.767l-0.845 2.8z" class="path2" fill="rgb(226, 35, 26)"></path><path d="M600.015 1.893c1.247-1.204 2.948-1.946 4.822-1.946 0.302 0 0.6 0.019 0.891 0.057 0.057-0.006 0.164-0.007 0.272-0.007 7.15 0 12.947 5.796 12.947 12.947 0 0.108-0.001 0.215-0.004 0.322l0-0.016v503.482c0.002 0.091 0.004 0.199 0.004 0.306 0 7.15-5.796 12.947-12.947 12.947-0.108 0-0.215-0.001-0.322-0.004-0.241 0.034-0.539 0.053-0.841 0.053-1.874 0-3.574-0.742-4.824-1.948l0.002 0.002c-98.273-48.542-164.673-148.065-164.673-263.098s66.401-214.556 162.964-262.333l1.709-0.765z" class="path3" fill="rgb(113, 33, 119)"></path><path d="M938.824 283.919c1.893 0 1.893 1.893 3.786 1.893 1.765 2.012 2.841 4.666 2.841 7.571s-1.077 5.559-2.853 7.584l0.011-0.013-268.776 266.884c-2.012 1.765-4.666 2.841-7.571 2.841s-5.559-1.077-7.584-2.853c-1.144-0.651-1.911-1.879-1.911-3.285 0-0.172 0.012-0.342 0.034-0.508l-0.002 0.019c-7.681-21.529-12.12-46.363-12.12-72.235 0-61.263 24.891-116.712 65.111-156.786 39.326-39.792 93.895-64.431 154.219-64.431 26.857 0 52.573 4.884 76.309 13.812l-1.494-0.493z" class="path4" fill="rgb(130, 188, 0)"></path></svg></div></div></span>Nature's Promise Organic Hummus Original - 4 pk</h3></div><div class="product-grid-cell_price-container" role="link" data-block-spinner="true" data-product-id="220030"><div class="product-grid-cell_regular-price-container"><span class="product-grid-cell_was" aria-hidden="true"></span><span class="product-grid-cell_regular-price"></span></div><span class="product-grid-cell_main-price select-text">$3.69</span><span class="product-grid-cell_hidden-price"></span></div><span class="product-grid-cell_size select-text" role="link" data-block-spinner="true" data-product-id="220030">8 oz pkg</span><span data-block-spinner="true" data-product-id="220030"><span class="product-grid-cell_unit select-text"> | $0.46 / oz</span></span><div class="buy-more-save-more_cta-grid-container"></div><div class="add-to-cart"><div class="add-to-cart_button"><button class="button button--add-to-cart" data-product-id="220030" data-price="3.69" data-cart-log-location="ORGANIC" data-persisted-quantity="0" data-other-information="{&quot;catPath&quot;:&quot;1,2543&quot;,&quot;sale&quot;:false,&quot;newArrival&quot;:false,&quot;sponsored&quot;:false,&quot;includeContentTrackingInfo&quot;:true}">Add to Cart</button></div><span class="element-invisible" aria-live="assertive"></span></div></div><div class="spyglass-container"></div></li><li role="region" tabindex="-1" aria-label="Annie&#39;s Homegrown Baked Snack Crackers Cheddar Bunnies Organic" class="product-cell product-grid-cell product-grid-cell--quad" data-id="24-&gt;146529" data-position="24"><div class="confirmation-wrapper confirmation-wrapper--hidden" id="confirmation-wrapper--146529"><div class="confirmation-whitewash"><div class="confirmation-dialog"><div class="confirmation-dialog_messages" tabindex="0"><h4 class="confirmation-dialog_message-headline">Remove This Item From Your Cart?</h4></div><div class="confirmation-dialog_action-container"><div class="confirmation-dialog_confirmation-button"><button class="button button--fourth" tabindex="0" data-product-id="146529" data-cart-log-location="ORGANIC" data-persisted-quantity="undefined" data-price="3.69">OK</button></div><div class="confirmation-dialog_cancel-button"><button class="button button--fourth" tabindex="0" data-product-id="146529">Cancel</button></div></div></div></div></div><div class="confirmation-wrapper" style="display: none;"><div class="confirmation-whitewash"></div></div><img src="./Snacks_Candy_Organic_files/7YSIU.jpg" alt="Annie&#39;s Homegrown Baked Snack Crackers Cheddar Bunnies Organic" class="product-grid-cell_main-image" data-block-spinner="true" data-product-id="146529"><div class="product-grid-cell_price-tag"><div class="product-grid-cell_name" role="link" tabindex="0" data-block-spinner="true" data-product-id="146529"><h3 class="product-grid-cell_name-text select-text">Annie's Homegrown Baked Snack Crackers Cheddar Bunnies Organic</h3></div><div class="product-grid-cell_price-container" role="link" data-block-spinner="true" data-product-id="146529"><div class="product-grid-cell_regular-price-container"><span class="product-grid-cell_was" aria-hidden="true"></span><span class="product-grid-cell_regular-price"></span></div><span class="product-grid-cell_main-price select-text">$3.69</span><span class="product-grid-cell_hidden-price"></span></div><span class="product-grid-cell_size select-text" role="link" data-block-spinner="true" data-product-id="146529">7.5 oz box</span><span data-block-spinner="true" data-product-id="146529"><span class="product-grid-cell_unit select-text"> | $0.49 / oz</span></span><div class="buy-more-save-more_cta-grid-container"></div><div class="add-to-cart"><div class="add-to-cart_button"><button class="button button--add-to-cart" data-product-id="146529" data-price="3.69" data-cart-log-location="ORGANIC" data-persisted-quantity="0" data-other-information="{&quot;catPath&quot;:&quot;1,2543&quot;,&quot;sale&quot;:false,&quot;newArrival&quot;:false,&quot;sponsored&quot;:false,&quot;includeContentTrackingInfo&quot;:true}">Add to Cart</button></div><span class="element-invisible" aria-live="assertive"></span></div></div><div class="spyglass-container"></div></li><li role="region" tabindex="-1" aria-label="Nature&#39;s Promise Organic Fruit Twists Strawberry - 6 ct" class="product-cell product-grid-cell product-grid-cell--quad" data-id="25-&gt;210876" data-position="25"><div class="confirmation-wrapper confirmation-wrapper--hidden" id="confirmation-wrapper--210876"><div class="confirmation-whitewash"><div class="confirmation-dialog"><div class="confirmation-dialog_messages" tabindex="0"><h4 class="confirmation-dialog_message-headline">Remove This Item From Your Cart?</h4></div><div class="confirmation-dialog_action-container"><div class="confirmation-dialog_confirmation-button"><button class="button button--fourth" tabindex="0" data-product-id="210876" data-cart-log-location="ORGANIC" data-persisted-quantity="undefined" data-price="2.79">OK</button></div><div class="confirmation-dialog_cancel-button"><button class="button button--fourth" tabindex="0" data-product-id="210876">Cancel</button></div></div></div></div></div><div class="confirmation-wrapper" style="display: none;"><div class="confirmation-whitewash"></div></div><img src="./Snacks_Candy_Organic_files/CHBRR.jpg" alt="Nature&#39;s Promise Organic Fruit Twists Strawberry - 6 ct" class="product-grid-cell_main-image" data-block-spinner="true" data-product-id="210876"><div class="product-grid-cell_price-tag"><div class="product-grid-cell_name" role="link" tabindex="0" data-block-spinner="true" data-product-id="210876"><h3 class="product-grid-cell_name-text select-text"><span class="vector-icon_inline-text--left"><div class="vector-icon_outer-wrapper"><div class="vector-icon_container vector-icon-size--xsmall"><svg version="1.1" x="0px" y="0px" focusable="false" viewBox="0 0 945 1024" class="" role="presentation" aria-hidden="true"><title>Ahold Wedge Icon</title><desc>Ahold Icon</desc><path d="M1.893 730.617c-1.289-2.094-2.052-4.631-2.052-7.346 0-0.747 0.058-1.481 0.169-2.197 0.158-12.396 10.227-22.466 22.687-22.634l895.306-0c12.476 0.168 22.545 10.237 22.713 22.698-0.521 3.721-1.182 6.924-2.024 10.053l0.131-0.574c-86.363 175.072-263.598 293.385-468.466 293.385s-382.103-118.313-467.105-290.339l-1.361-3.046z" class="path1" fill="rgb(247, 168, 0)"></path><path d="M107.889 132.495c1.893-1.893 1.893-3.786 3.786-5.678 2.98-3.491 7.385-5.69 12.303-5.69s9.323 2.199 12.284 5.668l0.019 0.022 476.983 476.983c3.491 2.98 5.69 7.385 5.69 12.303s-2.199 9.323-5.668 12.284c-1.399 1.869-3.361 3.216-5.631 3.789l-0.069 0.015c-38.446 13.732-82.796 21.669-129.001 21.669-108.416 0-206.626-43.699-277.977-114.443-70.367-71.826-113.809-170.317-113.809-278.955 0-45.803 7.722-89.803 21.936-130.767l-0.845 2.8z" class="path2" fill="rgb(226, 35, 26)"></path><path d="M600.015 1.893c1.247-1.204 2.948-1.946 4.822-1.946 0.302 0 0.6 0.019 0.891 0.057 0.057-0.006 0.164-0.007 0.272-0.007 7.15 0 12.947 5.796 12.947 12.947 0 0.108-0.001 0.215-0.004 0.322l0-0.016v503.482c0.002 0.091 0.004 0.199 0.004 0.306 0 7.15-5.796 12.947-12.947 12.947-0.108 0-0.215-0.001-0.322-0.004-0.241 0.034-0.539 0.053-0.841 0.053-1.874 0-3.574-0.742-4.824-1.948l0.002 0.002c-98.273-48.542-164.673-148.065-164.673-263.098s66.401-214.556 162.964-262.333l1.709-0.765z" class="path3" fill="rgb(113, 33, 119)"></path><path d="M938.824 283.919c1.893 0 1.893 1.893 3.786 1.893 1.765 2.012 2.841 4.666 2.841 7.571s-1.077 5.559-2.853 7.584l0.011-0.013-268.776 266.884c-2.012 1.765-4.666 2.841-7.571 2.841s-5.559-1.077-7.584-2.853c-1.144-0.651-1.911-1.879-1.911-3.285 0-0.172 0.012-0.342 0.034-0.508l-0.002 0.019c-7.681-21.529-12.12-46.363-12.12-72.235 0-61.263 24.891-116.712 65.111-156.786 39.326-39.792 93.895-64.431 154.219-64.431 26.857 0 52.573 4.884 76.309 13.812l-1.494-0.493z" class="path4" fill="rgb(130, 188, 0)"></path></svg></div></div></span>Nature's Promise Organic Fruit Twists Strawberry - 6 ct</h3></div><div class="product-grid-cell_price-container" role="link" data-block-spinner="true" data-product-id="210876"><div class="product-grid-cell_regular-price-container"><span class="product-grid-cell_was" aria-hidden="true"></span><span class="product-grid-cell_regular-price"></span></div><span class="product-grid-cell_main-price select-text">$2.79</span><span class="product-grid-cell_hidden-price"></span></div><span class="product-grid-cell_size select-text" role="link" data-block-spinner="true" data-product-id="210876">3.8 oz box</span><span data-block-spinner="true" data-product-id="210876"><span class="product-grid-cell_unit select-text"> | $0.73 / oz</span></span><div class="buy-more-save-more_cta-grid-container"></div><div class="add-to-cart"><div class="add-to-cart_button"><button class="button button--add-to-cart" data-product-id="210876" data-price="2.79" data-cart-log-location="ORGANIC" data-persisted-quantity="0" data-other-information="{&quot;catPath&quot;:&quot;1,2543&quot;,&quot;sale&quot;:false,&quot;newArrival&quot;:false,&quot;sponsored&quot;:false,&quot;includeContentTrackingInfo&quot;:true}">Add to Cart</button></div><span class="element-invisible" aria-live="assertive"></span></div></div><div class="spyglass-container"></div></li><li role="region" tabindex="-1" aria-label="Nature&#39;s Promise Cereal Bars Strawberry Organic - 6 ct" class="product-cell product-grid-cell product-grid-cell--quad" data-id="26-&gt;219919" data-position="26"><div class="confirmation-wrapper confirmation-wrapper--hidden" id="confirmation-wrapper--219919"><div class="confirmation-whitewash"><div class="confirmation-dialog"><div class="confirmation-dialog_messages" tabindex="0"><h4 class="confirmation-dialog_message-headline">Remove This Item From Your Cart?</h4></div><div class="confirmation-dialog_action-container"><div class="confirmation-dialog_confirmation-button"><button class="button button--fourth" tabindex="0" data-product-id="219919" data-cart-log-location="ORGANIC" data-persisted-quantity="undefined" data-price="3.29">OK</button></div><div class="confirmation-dialog_cancel-button"><button class="button button--fourth" tabindex="0" data-product-id="219919">Cancel</button></div></div></div></div></div><div class="confirmation-wrapper" style="display: none;"><div class="confirmation-whitewash"></div></div><img src="./Snacks_Candy_Organic_files/DJKW9.jpg" alt="Nature&#39;s Promise Cereal Bars Strawberry Organic - 6 ct" class="product-grid-cell_main-image" data-block-spinner="true" data-product-id="219919"><div class="product-grid-cell_price-tag"><div class="product-grid-cell_name" role="link" tabindex="0" data-block-spinner="true" data-product-id="219919"><h3 class="product-grid-cell_name-text select-text"><span class="vector-icon_inline-text--left"><div class="vector-icon_outer-wrapper"><div class="vector-icon_container vector-icon-size--xsmall"><svg version="1.1" x="0px" y="0px" focusable="false" viewBox="0 0 945 1024" class="" role="presentation" aria-hidden="true"><title>Ahold Wedge Icon</title><desc>Ahold Icon</desc><path d="M1.893 730.617c-1.289-2.094-2.052-4.631-2.052-7.346 0-0.747 0.058-1.481 0.169-2.197 0.158-12.396 10.227-22.466 22.687-22.634l895.306-0c12.476 0.168 22.545 10.237 22.713 22.698-0.521 3.721-1.182 6.924-2.024 10.053l0.131-0.574c-86.363 175.072-263.598 293.385-468.466 293.385s-382.103-118.313-467.105-290.339l-1.361-3.046z" class="path1" fill="rgb(247, 168, 0)"></path><path d="M107.889 132.495c1.893-1.893 1.893-3.786 3.786-5.678 2.98-3.491 7.385-5.69 12.303-5.69s9.323 2.199 12.284 5.668l0.019 0.022 476.983 476.983c3.491 2.98 5.69 7.385 5.69 12.303s-2.199 9.323-5.668 12.284c-1.399 1.869-3.361 3.216-5.631 3.789l-0.069 0.015c-38.446 13.732-82.796 21.669-129.001 21.669-108.416 0-206.626-43.699-277.977-114.443-70.367-71.826-113.809-170.317-113.809-278.955 0-45.803 7.722-89.803 21.936-130.767l-0.845 2.8z" class="path2" fill="rgb(226, 35, 26)"></path><path d="M600.015 1.893c1.247-1.204 2.948-1.946 4.822-1.946 0.302 0 0.6 0.019 0.891 0.057 0.057-0.006 0.164-0.007 0.272-0.007 7.15 0 12.947 5.796 12.947 12.947 0 0.108-0.001 0.215-0.004 0.322l0-0.016v503.482c0.002 0.091 0.004 0.199 0.004 0.306 0 7.15-5.796 12.947-12.947 12.947-0.108 0-0.215-0.001-0.322-0.004-0.241 0.034-0.539 0.053-0.841 0.053-1.874 0-3.574-0.742-4.824-1.948l0.002 0.002c-98.273-48.542-164.673-148.065-164.673-263.098s66.401-214.556 162.964-262.333l1.709-0.765z" class="path3" fill="rgb(113, 33, 119)"></path><path d="M938.824 283.919c1.893 0 1.893 1.893 3.786 1.893 1.765 2.012 2.841 4.666 2.841 7.571s-1.077 5.559-2.853 7.584l0.011-0.013-268.776 266.884c-2.012 1.765-4.666 2.841-7.571 2.841s-5.559-1.077-7.584-2.853c-1.144-0.651-1.911-1.879-1.911-3.285 0-0.172 0.012-0.342 0.034-0.508l-0.002 0.019c-7.681-21.529-12.12-46.363-12.12-72.235 0-61.263 24.891-116.712 65.111-156.786 39.326-39.792 93.895-64.431 154.219-64.431 26.857 0 52.573 4.884 76.309 13.812l-1.494-0.493z" class="path4" fill="rgb(130, 188, 0)"></path></svg></div></div></span>Nature's Promise Cereal Bars Strawberry Organic - 6 ct</h3></div><div class="product-grid-cell_price-container" role="link" data-block-spinner="true" data-product-id="219919"><div class="product-grid-cell_regular-price-container"><span class="product-grid-cell_was" aria-hidden="true"></span><span class="product-grid-cell_regular-price"></span></div><span class="product-grid-cell_main-price select-text">$3.29</span><span class="product-grid-cell_hidden-price"></span></div><span class="product-grid-cell_size select-text" role="link" data-block-spinner="true" data-product-id="219919">7.8 oz box</span><span data-block-spinner="true" data-product-id="219919"><span class="product-grid-cell_unit select-text"> | $0.42 / oz</span></span><div class="buy-more-save-more_cta-grid-container"></div><div class="add-to-cart"><div class="add-to-cart_button"><button class="button button--add-to-cart" data-product-id="219919" data-price="3.29" data-cart-log-location="ORGANIC" data-persisted-quantity="0" data-other-information="{&quot;catPath&quot;:&quot;1,2543&quot;,&quot;sale&quot;:false,&quot;newArrival&quot;:false,&quot;sponsored&quot;:false,&quot;includeContentTrackingInfo&quot;:true}">Add to Cart</button></div><span class="element-invisible" aria-live="assertive"></span></div></div><div class="spyglass-container"></div></li><li role="region" tabindex="-1" aria-label="Clif Energy Bar White Chocolate Macadamia Nut Organic" class="product-cell product-grid-cell product-grid-cell--quad" data-id="27-&gt;158133" data-position="27"><div class="confirmation-wrapper confirmation-wrapper--hidden" id="confirmation-wrapper--158133"><div class="confirmation-whitewash"><div class="confirmation-dialog"><div class="confirmation-dialog_messages" tabindex="0"><h4 class="confirmation-dialog_message-headline">Remove This Item From Your Cart?</h4></div><div class="confirmation-dialog_action-container"><div class="confirmation-dialog_confirmation-button"><button class="button button--fourth" tabindex="0" data-product-id="158133" data-cart-log-location="ORGANIC" data-persisted-quantity="undefined" data-price="1.29">OK</button></div><div class="confirmation-dialog_cancel-button"><button class="button button--fourth" tabindex="0" data-product-id="158133">Cancel</button></div></div></div></div></div><div class="confirmation-wrapper" style="display: none;"><div class="confirmation-whitewash"></div></div><div class="vector-icon_absolute--left vector-icon_absolute--top buy-more-save-more_sticker-outer-container" aria-label="buy more save more" tabindex="0" role="link" data-pod-group="1184441" data-block-spinner="true"><span class="vector-icon_inline-text--left buy-more-save-more_link buy-more-save-more_view-deal-sticker"><div class="vector-icon_outer-wrapper"><div class="vector-icon_container vector-icon-size--xxlarge"><svg version="1.1" x="0px" y="0px" focusable="false" viewBox="0 0 1022 1024" class="vector-icon-color--bmsm" role="presentation" aria-hidden="true"><title>view deal icon</title><desc>vew deal icon</desc><path d="M882.478 520.133c0 179.904-164.594 325.744-367.631 325.744s-367.631-145.841-367.631-325.744c0-179.904 164.594-325.744 367.631-325.744s367.631 145.841 367.631 325.744z" class="path1" fill="rgb(255, 255, 255)"></path><path d="M1004.073 382.272c-40.667-15.047-79.708-29.687-119.968-44.734 14.64-40.667 28.467-80.114 43.107-122.002-44.734 0-86.621 0.407-130.135 0.407-1.627-43.514-2.847-84.994-4.473-129.728-41.074 14.64-80.114 28.874-121.188 43.514-16.674-37.414-33.347-74.421-50.834-113.461-33.347 28.060-64.661 54.901-96.788 82.148-30.094-29.28-59.374-58.154-89.468-87.841-19.52 38.634-37.82 74.421-56.934 111.835-39.041-17.080-76.454-33.754-115.902-51.241-4.88 44.734-9.76 87.028-14.234 129.728-42.701-2.847-83.774-5.287-127.695-7.727 12.2 42.294 23.18 82.554 34.974 124.035-40.667 13.827-79.301 27.247-120.375 41.074 25.62 34.974 50.427 68.321 75.641 102.888-33.347 28.060-65.881 55.307-100.041 83.774 37.82 22.774 73.608 43.921 108.988 65.068-20.334 37.82-40.261 74.421-61.001 112.241 42.701 8.947 84.994 17.894 128.102 26.84-7.32 42.701-14.234 82.554-21.147 124.442 45.141-7.32 85.808-14.234 128.508-21.147 8.947 42.294 17.080 82.148 25.62 124.442 38.634-23.994 74.828-46.767 111.835-69.541 24.807 36.6 47.987 71.168 72.794 107.768 25.62-34.974 50.021-67.914 75.234-101.668 36.194 23.587 70.761 46.361 107.768 70.761 11.387-41.887 22.367-82.148 32.94-122.408 43.921 10.98 84.994 21.147 129.322 32.127-4.473-44.734-8.54-85.808-12.607-128.508 41.074-5.693 81.741-10.98 124.848-17.080-16.267-33.754-30.094-65.474-46.361-95.568-9.353-17.487-8.54-26.84 11.387-35.787 30.094-13.42 58.561-30.5 89.061-46.767-31.72-31.314-61.814-60.187-92.315-90.281 27.247-32.94 53.274-64.254 81.334-97.601z" class="path2" fill="rgb(0, 0, 0)"></path><path d="M286.704 537.214l-85.808-114.275 30.907-8.54 63.441 88.248 7.727-108.581 30.907-8.54-13.014 142.335-34.16 9.353z" class="path3" fill="rgb(255, 255, 255)"></path><path d="M396.912 506.307l-36.194-128.102 27.247-7.727 36.194 128.102-27.247 7.727z" class="path4" fill="rgb(255, 255, 255)"></path><path d="M464.013 487.193l-36.194-128.102 90.688-25.62 6.913 23.994-63.441 17.894 7.727 26.84 62.221-17.487 6.913 23.994-62.221 17.487 8.133 29.28 63.441-17.894 6.913 23.994-91.095 25.62z" class="path5" fill="rgb(255, 255, 255)"></path><path d="M688.496 423.752l-47.174-81.741 2.44 94.348-28.874 8.133-72.794-117.935 30.5-8.54 48.801 86.214-2.033-99.228 21.147-6.1 50.427 85.808-3.66-99.228 30.5-8.54-0.407 138.675-28.874 8.133z" class="path6" fill="rgb(255, 255, 255)"></path><path d="M297.684 713.709l-36.194-128.102 50.427-14.234c40.261-11.387 75.234 6.507 86.214 44.734 10.98 39.041-9.76 71.981-49.614 83.368l-50.834 14.234zM370.478 623.835c-6.507-22.367-25.214-36.194-51.241-28.874l-23.587 6.507 22.774 80.114 23.18-6.507c25.214-6.507 34.974-29.28 28.874-51.241z" class="path7" fill="rgb(255, 255, 255)"></path><path d="M450.186 670.602l-36.194-128.102 90.688-25.62 6.913 23.994-63.441 17.894 7.727 26.84 62.221-17.487 6.913 23.994-62.221 17.487 8.133 29.28 63.441-17.894 6.913 23.994-91.095 25.62z" class="path8" fill="rgb(255, 255, 255)"></path><path d="M665.315 610.008l-14.234-19.52-54.901 15.454-2.033 23.994-30.907 8.54 13.014-142.335 34.16-9.76 85.808 114.275-30.907 9.353zM601.468 518.913l-4.473 61.001 39.854-11.387-35.38-49.614z" class="path9" fill="rgb(255, 255, 255)"></path><path d="M721.843 594.148l-36.194-128.102 27.654-7.727 29.28 104.108 54.087-15.454 6.913 23.994-81.741 23.18z" class="path10" fill="rgb(255, 255, 255)"></path></svg></div></div><span class="element-invisible">View items in deal</span></span></div><img src="./Snacks_Candy_Organic_files/5YU0T.jpg" alt="Clif Energy Bar White Chocolate Macadamia Nut Organic" class="product-grid-cell_main-image" data-block-spinner="true" data-product-id="158133"><div class="product-grid-cell_price-tag overlay--open" tabindex="0" aria-hidden="false"><div class="product-grid-cell_name" role="link" tabindex="0" data-block-spinner="true" data-product-id="158133"><h3 class="product-grid-cell_name-text select-text">Clif Energy Bar White Chocolate Macadamia Nut Organic</h3></div><div class="product-grid-cell_price-container" role="link" data-block-spinner="true" data-product-id="158133"><div class="product-grid-cell_regular-price-container"><span class="product-grid-cell_was" aria-hidden="true"></span><span class="product-grid-cell_regular-price"></span></div><span class="product-grid-cell_main-price select-text">$1.29</span><span class="product-grid-cell_hidden-price"></span></div><span class="product-grid-cell_size select-text" role="link" data-block-spinner="true" data-product-id="158133">2.4 oz bar</span><span data-block-spinner="true" data-product-id="158133"><span class="product-grid-cell_unit select-text"> | $0.54 / oz</span></span><div class="buy-more-save-more_cta-grid-container" aria-label="Buy 10 for $10" tabindex="0" role="link" data-pod-group="1184441" data-block-spinner="true"><span class="buy-more-save-more_cta buy-more-save-more_link">Buy 10 for $10<span aria-hidden="true"></span></span></div><div class="add-to-cart"><div class="add-to-cart_button"><button class="button button--add-to-cart" data-product-id="158133" data-price="1.29" data-cart-log-location="ORGANIC" data-persisted-quantity="0" data-other-information="{&quot;catPath&quot;:&quot;1,2543&quot;,&quot;sale&quot;:false,&quot;newArrival&quot;:false,&quot;sponsored&quot;:false,&quot;includeContentTrackingInfo&quot;:true}">Add to Cart</button></div><span class="element-invisible" aria-live="assertive"></span></div></div><div class="product-grid-cell_bulk-buy-container overlay--closed" tabindex="-1" aria-hidden="true"><bulk-buy-scroller other-information="otherInformation" on-close="onCloseBMSMOverlay()" product="product" cart-log-location="cartLogLocation" options="options" product-id="product.prodId"><!----><div ng-class="{&#39;bulk-buy-scroller_container--vertical&#39;: $ctrl.options.bulkBuyVerticalStyle}" class="bulk-buy-scroller_container bulk-buy-scroller_container--vertical" ng-if="$ctrl.shouldShowBulkBuy()"><!----><div class="bulk-buy-scroller_header-container" ng-if="$ctrl.isSIMQ() || (!$ctrl.isSIMQ() &amp;&amp; $ctrl.isShelf()) "><!----><h4 id="bulk-buy-scroller_heading--158133" class="bulk-buy-scroller_heading text-center" ng-class="{
            &#39;bulk-buy-scroller_heading--reverse&#39;: $ctrl.options.bulkBuyReverseStyle,
            &#39;text-center&#39;: $ctrl.isShelf()
        }">Buy More Save More</h4><!----><button ng-if="($ctrl.options.bulkBuyReverseStyle || $ctrl.options.bulkBuyVerticalStyle)" ng-click="$ctrl.close()" ng-class="{
            &#39;bulk-buy-scroller_close-button--reverse&#39;: $ctrl.options.bulkBuyReverseStyle,
            &#39;bulk-buy-scroller_close-button--vertical&#39;: $ctrl.options.bulkBuyVerticalStyle,
            &#39;button--white-no-border&#39;: $ctrl.state.currentQuantity === 0,
            &#39;button--lightest-grey&#39;: $ctrl.state.currentQuantity &gt; 0
            }" class="button bulk-buy-scroller_close-button bulk-buy-scroller_close-button--vertical button--white-no-border" aria-label="Close Promotion Options" tabindex="0"><div class="vector-icon_outer-wrapper" svg-id="icon_close" svg-class="vector-icon-color--dark-grey" container-class="vector-icon-size--xxsmall" svg-title="Close Icon" svg-description="X Icon" svg-role="presentation" svg-aria-hidden="true"><div class="vector-icon_container vector-icon-size--xxsmall"><svg version="1.1" x="0px" y="0px" focusable="false" viewBox="0 0 1024 1024" class="vector-icon-color--dark-grey" role="presentation" aria-hidden="true"><title>Close Icon</title><desc>X Icon</desc><path d="M20.685 1003.315c27.546 27.546 72.397 27.546 99.942 0l391.373-391.373 391.373 391.373c27.546 27.546 72.397 27.546 99.942 0s27.546-72.397 0-99.942l-391.373-391.373 391.373-391.373c27.546-27.546 27.546-72.397 0-99.942s-72.397-27.546-99.942 0l-391.373 391.373-391.373-391.373c-27.546-27.546-72.397-27.546-99.942 0s-27.546 72.397 0 99.942l391.373 391.373-391.373 391.373c-27.597 27.546-27.597 72.397 0 99.942z" class="path1"></path></svg></div></div></button><!----></div><!----><!----><div class="bulk-buy-scroller_mix-match-container bulk-buy-scroller_mix-match-container--vertical" ng-if="!$ctrl.isSIMQ() &amp;&amp; $ctrl.isShelf()" ng-class="{
            &#39;bulk-buy-scroller_mix-match-container--reverse&#39;: $ctrl.options.bulkBuyReverseStyle,
            &#39;bulk-buy-scroller_mix-match-container--vertical&#39;: $ctrl.options.bulkBuyVerticalStyle,
            &#39;bulk-buy-scroller_mix-match-container--normal&#39;: $ctrl.options.bulkBuyNormalStyle
        }"><button class="button bulk-buy-scroller_mix-match-button" ng-click="$ctrl.openProductGroup()" tabindex="0"><span class="bulk-buy-scroller_button-headline">Buy 10 for $10</span> <span class="bulk-buy-scroller_button-cta">Mix &amp; Match Options </span></button></div><!----><!----><!----></div><!----></bulk-buy-scroller><div class="add-to-cart"><div class="add-to-cart_button"><button class="button button--add-to-cart" data-product-id="158133" data-price="1.29" data-cart-log-location="ORGANIC" data-persisted-quantity="0" data-other-information="{&quot;catPath&quot;:&quot;1,2543&quot;,&quot;sale&quot;:false,&quot;newArrival&quot;:false,&quot;sponsored&quot;:false,&quot;includeContentTrackingInfo&quot;:true}">Add to Cart</button></div><span class="element-invisible" aria-live="assertive"></span></div></div><div class="spyglass-container"></div></li><li role="region" tabindex="-1" aria-label="Nature&#39;s Promise Organic Salsa Fresh" class="product-cell product-grid-cell product-grid-cell--quad" data-id="28-&gt;186282" data-position="28"><div class="confirmation-wrapper confirmation-wrapper--hidden" id="confirmation-wrapper--186282"><div class="confirmation-whitewash"><div class="confirmation-dialog"><div class="confirmation-dialog_messages" tabindex="0"><h4 class="confirmation-dialog_message-headline">Remove This Item From Your Cart?</h4></div><div class="confirmation-dialog_action-container"><div class="confirmation-dialog_confirmation-button"><button class="button button--fourth" tabindex="0" data-product-id="186282" data-cart-log-location="ORGANIC" data-persisted-quantity="undefined" data-price="5.69">OK</button></div><div class="confirmation-dialog_cancel-button"><button class="button button--fourth" tabindex="0" data-product-id="186282">Cancel</button></div></div></div></div></div><div class="confirmation-wrapper" style="display: none;"><div class="confirmation-whitewash"></div></div><img src="./Snacks_Candy_Organic_files/1YX5T.jpg" alt="Nature&#39;s Promise Organic Salsa Fresh" class="product-grid-cell_main-image" data-block-spinner="true" data-product-id="186282"><div class="product-grid-cell_price-tag"><div class="product-grid-cell_name" role="link" tabindex="0" data-block-spinner="true" data-product-id="186282"><h3 class="product-grid-cell_name-text select-text"><span class="vector-icon_inline-text--left"><div class="vector-icon_outer-wrapper"><div class="vector-icon_container vector-icon-size--xsmall"><svg version="1.1" x="0px" y="0px" focusable="false" viewBox="0 0 945 1024" class="" role="presentation" aria-hidden="true"><title>Ahold Wedge Icon</title><desc>Ahold Icon</desc><path d="M1.893 730.617c-1.289-2.094-2.052-4.631-2.052-7.346 0-0.747 0.058-1.481 0.169-2.197 0.158-12.396 10.227-22.466 22.687-22.634l895.306-0c12.476 0.168 22.545 10.237 22.713 22.698-0.521 3.721-1.182 6.924-2.024 10.053l0.131-0.574c-86.363 175.072-263.598 293.385-468.466 293.385s-382.103-118.313-467.105-290.339l-1.361-3.046z" class="path1" fill="rgb(247, 168, 0)"></path><path d="M107.889 132.495c1.893-1.893 1.893-3.786 3.786-5.678 2.98-3.491 7.385-5.69 12.303-5.69s9.323 2.199 12.284 5.668l0.019 0.022 476.983 476.983c3.491 2.98 5.69 7.385 5.69 12.303s-2.199 9.323-5.668 12.284c-1.399 1.869-3.361 3.216-5.631 3.789l-0.069 0.015c-38.446 13.732-82.796 21.669-129.001 21.669-108.416 0-206.626-43.699-277.977-114.443-70.367-71.826-113.809-170.317-113.809-278.955 0-45.803 7.722-89.803 21.936-130.767l-0.845 2.8z" class="path2" fill="rgb(226, 35, 26)"></path><path d="M600.015 1.893c1.247-1.204 2.948-1.946 4.822-1.946 0.302 0 0.6 0.019 0.891 0.057 0.057-0.006 0.164-0.007 0.272-0.007 7.15 0 12.947 5.796 12.947 12.947 0 0.108-0.001 0.215-0.004 0.322l0-0.016v503.482c0.002 0.091 0.004 0.199 0.004 0.306 0 7.15-5.796 12.947-12.947 12.947-0.108 0-0.215-0.001-0.322-0.004-0.241 0.034-0.539 0.053-0.841 0.053-1.874 0-3.574-0.742-4.824-1.948l0.002 0.002c-98.273-48.542-164.673-148.065-164.673-263.098s66.401-214.556 162.964-262.333l1.709-0.765z" class="path3" fill="rgb(113, 33, 119)"></path><path d="M938.824 283.919c1.893 0 1.893 1.893 3.786 1.893 1.765 2.012 2.841 4.666 2.841 7.571s-1.077 5.559-2.853 7.584l0.011-0.013-268.776 266.884c-2.012 1.765-4.666 2.841-7.571 2.841s-5.559-1.077-7.584-2.853c-1.144-0.651-1.911-1.879-1.911-3.285 0-0.172 0.012-0.342 0.034-0.508l-0.002 0.019c-7.681-21.529-12.12-46.363-12.12-72.235 0-61.263 24.891-116.712 65.111-156.786 39.326-39.792 93.895-64.431 154.219-64.431 26.857 0 52.573 4.884 76.309 13.812l-1.494-0.493z" class="path4" fill="rgb(130, 188, 0)"></path></svg></div></div></span>Nature's Promise Organic Salsa Fresh</h3></div><div class="product-grid-cell_price-container" role="link" data-block-spinner="true" data-product-id="186282"><div class="product-grid-cell_regular-price-container"><span class="product-grid-cell_was" aria-hidden="true"></span><span class="product-grid-cell_regular-price"></span></div><span class="product-grid-cell_main-price select-text">$5.69</span><span class="product-grid-cell_hidden-price"></span></div><span class="product-grid-cell_size select-text" role="link" data-block-spinner="true" data-product-id="186282">16 oz tub</span><span data-block-spinner="true" data-product-id="186282"><span class="product-grid-cell_unit select-text"> | $0.36 / oz</span></span><div class="buy-more-save-more_cta-grid-container"></div><div class="add-to-cart"><div class="add-to-cart_button"><button class="button button--add-to-cart" data-product-id="186282" data-price="5.69" data-cart-log-location="ORGANIC" data-persisted-quantity="0" data-other-information="{&quot;catPath&quot;:&quot;1,2543&quot;,&quot;sale&quot;:false,&quot;newArrival&quot;:false,&quot;sponsored&quot;:false,&quot;includeContentTrackingInfo&quot;:true}">Add to Cart</button></div><span class="element-invisible" aria-live="assertive"></span></div></div><div class="spyglass-container"></div></li><li role="region" tabindex="-1" aria-label="Cascadian Farm Vanilla Chip Chewy Granola Bars Organic - 6 ct" class="product-cell product-grid-cell product-grid-cell--quad" data-id="29-&gt;158125" data-position="29"><div class="confirmation-wrapper confirmation-wrapper--hidden" id="confirmation-wrapper--158125"><div class="confirmation-whitewash"><div class="confirmation-dialog"><div class="confirmation-dialog_messages" tabindex="0"><h4 class="confirmation-dialog_message-headline">Remove This Item From Your Cart?</h4></div><div class="confirmation-dialog_action-container"><div class="confirmation-dialog_confirmation-button"><button class="button button--fourth" tabindex="0" data-product-id="158125" data-cart-log-location="ORGANIC" data-persisted-quantity="undefined" data-price="4.29">OK</button></div><div class="confirmation-dialog_cancel-button"><button class="button button--fourth" tabindex="0" data-product-id="158125">Cancel</button></div></div></div></div></div><div class="confirmation-wrapper" style="display: none;"><div class="confirmation-whitewash"></div></div><div class="vector-icon_absolute--left vector-icon_absolute--top buy-more-save-more_sticker-outer-container" aria-label="buy more save more" tabindex="0" role="link" data-pod-group="1184518" data-block-spinner="true"><span class="vector-icon_inline-text--left buy-more-save-more_link buy-more-save-more_view-deal-sticker"><div class="vector-icon_outer-wrapper"><div class="vector-icon_container vector-icon-size--xxlarge"><svg version="1.1" x="0px" y="0px" focusable="false" viewBox="0 0 1022 1024" class="vector-icon-color--bmsm" role="presentation" aria-hidden="true"><title>view deal icon</title><desc>vew deal icon</desc><path d="M882.478 520.133c0 179.904-164.594 325.744-367.631 325.744s-367.631-145.841-367.631-325.744c0-179.904 164.594-325.744 367.631-325.744s367.631 145.841 367.631 325.744z" class="path1" fill="rgb(255, 255, 255)"></path><path d="M1004.073 382.272c-40.667-15.047-79.708-29.687-119.968-44.734 14.64-40.667 28.467-80.114 43.107-122.002-44.734 0-86.621 0.407-130.135 0.407-1.627-43.514-2.847-84.994-4.473-129.728-41.074 14.64-80.114 28.874-121.188 43.514-16.674-37.414-33.347-74.421-50.834-113.461-33.347 28.060-64.661 54.901-96.788 82.148-30.094-29.28-59.374-58.154-89.468-87.841-19.52 38.634-37.82 74.421-56.934 111.835-39.041-17.080-76.454-33.754-115.902-51.241-4.88 44.734-9.76 87.028-14.234 129.728-42.701-2.847-83.774-5.287-127.695-7.727 12.2 42.294 23.18 82.554 34.974 124.035-40.667 13.827-79.301 27.247-120.375 41.074 25.62 34.974 50.427 68.321 75.641 102.888-33.347 28.060-65.881 55.307-100.041 83.774 37.82 22.774 73.608 43.921 108.988 65.068-20.334 37.82-40.261 74.421-61.001 112.241 42.701 8.947 84.994 17.894 128.102 26.84-7.32 42.701-14.234 82.554-21.147 124.442 45.141-7.32 85.808-14.234 128.508-21.147 8.947 42.294 17.080 82.148 25.62 124.442 38.634-23.994 74.828-46.767 111.835-69.541 24.807 36.6 47.987 71.168 72.794 107.768 25.62-34.974 50.021-67.914 75.234-101.668 36.194 23.587 70.761 46.361 107.768 70.761 11.387-41.887 22.367-82.148 32.94-122.408 43.921 10.98 84.994 21.147 129.322 32.127-4.473-44.734-8.54-85.808-12.607-128.508 41.074-5.693 81.741-10.98 124.848-17.080-16.267-33.754-30.094-65.474-46.361-95.568-9.353-17.487-8.54-26.84 11.387-35.787 30.094-13.42 58.561-30.5 89.061-46.767-31.72-31.314-61.814-60.187-92.315-90.281 27.247-32.94 53.274-64.254 81.334-97.601z" class="path2" fill="rgb(0, 0, 0)"></path><path d="M286.704 537.214l-85.808-114.275 30.907-8.54 63.441 88.248 7.727-108.581 30.907-8.54-13.014 142.335-34.16 9.353z" class="path3" fill="rgb(255, 255, 255)"></path><path d="M396.912 506.307l-36.194-128.102 27.247-7.727 36.194 128.102-27.247 7.727z" class="path4" fill="rgb(255, 255, 255)"></path><path d="M464.013 487.193l-36.194-128.102 90.688-25.62 6.913 23.994-63.441 17.894 7.727 26.84 62.221-17.487 6.913 23.994-62.221 17.487 8.133 29.28 63.441-17.894 6.913 23.994-91.095 25.62z" class="path5" fill="rgb(255, 255, 255)"></path><path d="M688.496 423.752l-47.174-81.741 2.44 94.348-28.874 8.133-72.794-117.935 30.5-8.54 48.801 86.214-2.033-99.228 21.147-6.1 50.427 85.808-3.66-99.228 30.5-8.54-0.407 138.675-28.874 8.133z" class="path6" fill="rgb(255, 255, 255)"></path><path d="M297.684 713.709l-36.194-128.102 50.427-14.234c40.261-11.387 75.234 6.507 86.214 44.734 10.98 39.041-9.76 71.981-49.614 83.368l-50.834 14.234zM370.478 623.835c-6.507-22.367-25.214-36.194-51.241-28.874l-23.587 6.507 22.774 80.114 23.18-6.507c25.214-6.507 34.974-29.28 28.874-51.241z" class="path7" fill="rgb(255, 255, 255)"></path><path d="M450.186 670.602l-36.194-128.102 90.688-25.62 6.913 23.994-63.441 17.894 7.727 26.84 62.221-17.487 6.913 23.994-62.221 17.487 8.133 29.28 63.441-17.894 6.913 23.994-91.095 25.62z" class="path8" fill="rgb(255, 255, 255)"></path><path d="M665.315 610.008l-14.234-19.52-54.901 15.454-2.033 23.994-30.907 8.54 13.014-142.335 34.16-9.76 85.808 114.275-30.907 9.353zM601.468 518.913l-4.473 61.001 39.854-11.387-35.38-49.614z" class="path9" fill="rgb(255, 255, 255)"></path><path d="M721.843 594.148l-36.194-128.102 27.654-7.727 29.28 104.108 54.087-15.454 6.913 23.994-81.741 23.18z" class="path10" fill="rgb(255, 255, 255)"></path></svg></div></div><span class="element-invisible">View items in deal</span></span></div><img src="./Snacks_Candy_Organic_files/DI3VE.png" alt="Cascadian Farm Vanilla Chip Chewy Granola Bars Organic - 6 ct" class="product-grid-cell_main-image" data-block-spinner="true" data-product-id="158125"><div class="product-grid-cell_price-tag overlay--open" tabindex="0" aria-hidden="false"><div class="product-grid-cell_name" role="link" tabindex="0" data-block-spinner="true" data-product-id="158125"><h3 class="product-grid-cell_name-text select-text">Cascadian Farm Vanilla Chip Chewy Granola Bars Organic - 6 ct</h3></div><div class="product-grid-cell_price-container" role="link" data-block-spinner="true" data-product-id="158125"><div class="product-grid-cell_regular-price-container"><span class="product-grid-cell_was" aria-hidden="true"></span><span class="product-grid-cell_regular-price"></span></div><span class="product-grid-cell_main-price select-text">$4.29</span><span class="product-grid-cell_hidden-price"></span></div><span class="product-grid-cell_size select-text" role="link" data-block-spinner="true" data-product-id="158125">7.4 oz box</span><span data-block-spinner="true" data-product-id="158125"><span class="product-grid-cell_unit select-text"> | $0.58 / oz</span></span><div class="buy-more-save-more_cta-grid-container" aria-label="Buy 2 @ $3.00 ea" tabindex="0" role="link" data-pod-group="1184518" data-block-spinner="true"><span class="buy-more-save-more_cta buy-more-save-more_link">Buy 2 @ $3.00 ea<span aria-hidden="true"></span></span></div><div class="add-to-cart"><div class="add-to-cart_button"><button class="button button--add-to-cart" data-product-id="158125" data-price="4.29" data-cart-log-location="ORGANIC" data-persisted-quantity="0" data-other-information="{&quot;catPath&quot;:&quot;1,2543&quot;,&quot;sale&quot;:false,&quot;newArrival&quot;:false,&quot;sponsored&quot;:false,&quot;includeContentTrackingInfo&quot;:true}">Add to Cart</button></div><span class="element-invisible" aria-live="assertive"></span></div></div><div class="product-grid-cell_bulk-buy-container overlay--closed" tabindex="-1" aria-hidden="true"><bulk-buy-scroller other-information="otherInformation" on-close="onCloseBMSMOverlay()" product="product" cart-log-location="cartLogLocation" options="options" product-id="product.prodId"><!----><div ng-class="{&#39;bulk-buy-scroller_container--vertical&#39;: $ctrl.options.bulkBuyVerticalStyle}" class="bulk-buy-scroller_container bulk-buy-scroller_container--vertical" ng-if="$ctrl.shouldShowBulkBuy()"><!----><div class="bulk-buy-scroller_header-container" ng-if="$ctrl.isSIMQ() || (!$ctrl.isSIMQ() &amp;&amp; $ctrl.isShelf()) "><!----><h4 id="bulk-buy-scroller_heading--158125" class="bulk-buy-scroller_heading text-center" ng-class="{
            &#39;bulk-buy-scroller_heading--reverse&#39;: $ctrl.options.bulkBuyReverseStyle,
            &#39;text-center&#39;: $ctrl.isShelf()
        }">Buy More Save More</h4><!----><button ng-if="($ctrl.options.bulkBuyReverseStyle || $ctrl.options.bulkBuyVerticalStyle)" ng-click="$ctrl.close()" ng-class="{
            &#39;bulk-buy-scroller_close-button--reverse&#39;: $ctrl.options.bulkBuyReverseStyle,
            &#39;bulk-buy-scroller_close-button--vertical&#39;: $ctrl.options.bulkBuyVerticalStyle,
            &#39;button--white-no-border&#39;: $ctrl.state.currentQuantity === 0,
            &#39;button--lightest-grey&#39;: $ctrl.state.currentQuantity &gt; 0
            }" class="button bulk-buy-scroller_close-button bulk-buy-scroller_close-button--vertical button--white-no-border" aria-label="Close Promotion Options" tabindex="0"><div class="vector-icon_outer-wrapper" svg-id="icon_close" svg-class="vector-icon-color--dark-grey" container-class="vector-icon-size--xxsmall" svg-title="Close Icon" svg-description="X Icon" svg-role="presentation" svg-aria-hidden="true"><div class="vector-icon_container vector-icon-size--xxsmall"><svg version="1.1" x="0px" y="0px" focusable="false" viewBox="0 0 1024 1024" class="vector-icon-color--dark-grey" role="presentation" aria-hidden="true"><title>Close Icon</title><desc>X Icon</desc><path d="M20.685 1003.315c27.546 27.546 72.397 27.546 99.942 0l391.373-391.373 391.373 391.373c27.546 27.546 72.397 27.546 99.942 0s27.546-72.397 0-99.942l-391.373-391.373 391.373-391.373c27.546-27.546 27.546-72.397 0-99.942s-72.397-27.546-99.942 0l-391.373 391.373-391.373-391.373c-27.546-27.546-72.397-27.546-99.942 0s-27.546 72.397 0 99.942l391.373 391.373-391.373 391.373c-27.597 27.546-27.597 72.397 0 99.942z" class="path1"></path></svg></div></div></button><!----></div><!----><!----><div class="bulk-buy-scroller_mix-match-container bulk-buy-scroller_mix-match-container--vertical" ng-if="!$ctrl.isSIMQ() &amp;&amp; $ctrl.isShelf()" ng-class="{
            &#39;bulk-buy-scroller_mix-match-container--reverse&#39;: $ctrl.options.bulkBuyReverseStyle,
            &#39;bulk-buy-scroller_mix-match-container--vertical&#39;: $ctrl.options.bulkBuyVerticalStyle,
            &#39;bulk-buy-scroller_mix-match-container--normal&#39;: $ctrl.options.bulkBuyNormalStyle
        }"><button class="button bulk-buy-scroller_mix-match-button" ng-click="$ctrl.openProductGroup()" tabindex="0"><span class="bulk-buy-scroller_button-headline">Buy 2 @ $3.00 ea</span> <span class="bulk-buy-scroller_button-cta">Mix &amp; Match Options </span></button></div><!----><!----><!----></div><!----></bulk-buy-scroller><div class="add-to-cart"><div class="add-to-cart_button"><button class="button button--add-to-cart" data-product-id="158125" data-price="4.29" data-cart-log-location="ORGANIC" data-persisted-quantity="0" data-other-information="{&quot;catPath&quot;:&quot;1,2543&quot;,&quot;sale&quot;:false,&quot;newArrival&quot;:false,&quot;sponsored&quot;:false,&quot;includeContentTrackingInfo&quot;:true}">Add to Cart</button></div><span class="element-invisible" aria-live="assertive"></span></div></div><div class="spyglass-container"></div></li><li role="region" tabindex="-1" aria-label="Justin&#39;s Peanut Butter Cups Dark Chocolate - 2 ct Organic" class="product-cell product-grid-cell product-grid-cell--quad" data-id="30-&gt;190169" data-position="30"><div class="confirmation-wrapper confirmation-wrapper--hidden" id="confirmation-wrapper--190169"><div class="confirmation-whitewash"><div class="confirmation-dialog"><div class="confirmation-dialog_messages" tabindex="0"><h4 class="confirmation-dialog_message-headline">Remove This Item From Your Cart?</h4></div><div class="confirmation-dialog_action-container"><div class="confirmation-dialog_confirmation-button"><button class="button button--fourth" tabindex="0" data-product-id="190169" data-cart-log-location="ORGANIC" data-persisted-quantity="undefined" data-price="2.29">OK</button></div><div class="confirmation-dialog_cancel-button"><button class="button button--fourth" tabindex="0" data-product-id="190169">Cancel</button></div></div></div></div></div><div class="confirmation-wrapper" style="display: none;"><div class="confirmation-whitewash"></div></div><img src="./Snacks_Candy_Organic_files/M9A68.jpg" alt="Justin&#39;s Peanut Butter Cups Dark Chocolate - 2 ct Organic" class="product-grid-cell_main-image" data-block-spinner="true" data-product-id="190169"><div class="product-grid-cell_price-tag"><div class="product-grid-cell_name" role="link" tabindex="0" data-block-spinner="true" data-product-id="190169"><h3 class="product-grid-cell_name-text select-text">Justin's Peanut Butter Cups Dark Chocolate - 2 ct Organic</h3></div><div class="product-grid-cell_price-container" role="link" data-block-spinner="true" data-product-id="190169"><div class="product-grid-cell_regular-price-container"><span class="product-grid-cell_was" aria-hidden="true"></span><span class="product-grid-cell_regular-price"></span></div><span class="product-grid-cell_main-price select-text">$2.29</span><span class="product-grid-cell_hidden-price"></span></div><span class="product-grid-cell_size select-text" role="link" data-block-spinner="true" data-product-id="190169">1.4 oz pkg</span><span data-block-spinner="true" data-product-id="190169"><span class="product-grid-cell_unit select-text"> | $1.64 / oz</span></span><div class="buy-more-save-more_cta-grid-container"></div><div class="add-to-cart"><div class="add-to-cart_button"><button class="button button--add-to-cart" data-product-id="190169" data-price="2.29" data-cart-log-location="ORGANIC" data-persisted-quantity="0" data-other-information="{&quot;catPath&quot;:&quot;1,2543&quot;,&quot;sale&quot;:false,&quot;newArrival&quot;:false,&quot;sponsored&quot;:false,&quot;includeContentTrackingInfo&quot;:true}">Add to Cart</button></div><span class="element-invisible" aria-live="assertive"></span></div></div><div class="spyglass-container"></div></li><li role="region" tabindex="-1" aria-label="Cascadian Farm Granola Oats &amp; Honey Organic" class="product-cell product-grid-cell product-grid-cell--quad" data-id="31-&gt;132375" data-position="31"><div class="confirmation-wrapper confirmation-wrapper--hidden" id="confirmation-wrapper--132375"><div class="confirmation-whitewash"><div class="confirmation-dialog"><div class="confirmation-dialog_messages" tabindex="0"><h4 class="confirmation-dialog_message-headline">Remove This Item From Your Cart?</h4></div><div class="confirmation-dialog_action-container"><div class="confirmation-dialog_confirmation-button"><button class="button button--fourth" tabindex="0" data-product-id="132375" data-cart-log-location="ORGANIC" data-persisted-quantity="undefined" data-price="4.19">OK</button></div><div class="confirmation-dialog_cancel-button"><button class="button button--fourth" tabindex="0" data-product-id="132375">Cancel</button></div></div></div></div></div><div class="confirmation-wrapper" style="display: none;"><div class="confirmation-whitewash"></div></div><div class="vector-icon_absolute--left vector-icon_absolute--top buy-more-save-more_sticker-outer-container" aria-label="buy more save more" tabindex="0" role="link" data-pod-group="1188673" data-block-spinner="true"><span class="vector-icon_inline-text--left buy-more-save-more_link buy-more-save-more_view-deal-sticker"><div class="vector-icon_outer-wrapper"><div class="vector-icon_container vector-icon-size--xxlarge"><svg version="1.1" x="0px" y="0px" focusable="false" viewBox="0 0 1022 1024" class="vector-icon-color--bmsm" role="presentation" aria-hidden="true"><title>view deal icon</title><desc>vew deal icon</desc><path d="M882.478 520.133c0 179.904-164.594 325.744-367.631 325.744s-367.631-145.841-367.631-325.744c0-179.904 164.594-325.744 367.631-325.744s367.631 145.841 367.631 325.744z" class="path1" fill="rgb(255, 255, 255)"></path><path d="M1004.073 382.272c-40.667-15.047-79.708-29.687-119.968-44.734 14.64-40.667 28.467-80.114 43.107-122.002-44.734 0-86.621 0.407-130.135 0.407-1.627-43.514-2.847-84.994-4.473-129.728-41.074 14.64-80.114 28.874-121.188 43.514-16.674-37.414-33.347-74.421-50.834-113.461-33.347 28.060-64.661 54.901-96.788 82.148-30.094-29.28-59.374-58.154-89.468-87.841-19.52 38.634-37.82 74.421-56.934 111.835-39.041-17.080-76.454-33.754-115.902-51.241-4.88 44.734-9.76 87.028-14.234 129.728-42.701-2.847-83.774-5.287-127.695-7.727 12.2 42.294 23.18 82.554 34.974 124.035-40.667 13.827-79.301 27.247-120.375 41.074 25.62 34.974 50.427 68.321 75.641 102.888-33.347 28.060-65.881 55.307-100.041 83.774 37.82 22.774 73.608 43.921 108.988 65.068-20.334 37.82-40.261 74.421-61.001 112.241 42.701 8.947 84.994 17.894 128.102 26.84-7.32 42.701-14.234 82.554-21.147 124.442 45.141-7.32 85.808-14.234 128.508-21.147 8.947 42.294 17.080 82.148 25.62 124.442 38.634-23.994 74.828-46.767 111.835-69.541 24.807 36.6 47.987 71.168 72.794 107.768 25.62-34.974 50.021-67.914 75.234-101.668 36.194 23.587 70.761 46.361 107.768 70.761 11.387-41.887 22.367-82.148 32.94-122.408 43.921 10.98 84.994 21.147 129.322 32.127-4.473-44.734-8.54-85.808-12.607-128.508 41.074-5.693 81.741-10.98 124.848-17.080-16.267-33.754-30.094-65.474-46.361-95.568-9.353-17.487-8.54-26.84 11.387-35.787 30.094-13.42 58.561-30.5 89.061-46.767-31.72-31.314-61.814-60.187-92.315-90.281 27.247-32.94 53.274-64.254 81.334-97.601z" class="path2" fill="rgb(0, 0, 0)"></path><path d="M286.704 537.214l-85.808-114.275 30.907-8.54 63.441 88.248 7.727-108.581 30.907-8.54-13.014 142.335-34.16 9.353z" class="path3" fill="rgb(255, 255, 255)"></path><path d="M396.912 506.307l-36.194-128.102 27.247-7.727 36.194 128.102-27.247 7.727z" class="path4" fill="rgb(255, 255, 255)"></path><path d="M464.013 487.193l-36.194-128.102 90.688-25.62 6.913 23.994-63.441 17.894 7.727 26.84 62.221-17.487 6.913 23.994-62.221 17.487 8.133 29.28 63.441-17.894 6.913 23.994-91.095 25.62z" class="path5" fill="rgb(255, 255, 255)"></path><path d="M688.496 423.752l-47.174-81.741 2.44 94.348-28.874 8.133-72.794-117.935 30.5-8.54 48.801 86.214-2.033-99.228 21.147-6.1 50.427 85.808-3.66-99.228 30.5-8.54-0.407 138.675-28.874 8.133z" class="path6" fill="rgb(255, 255, 255)"></path><path d="M297.684 713.709l-36.194-128.102 50.427-14.234c40.261-11.387 75.234 6.507 86.214 44.734 10.98 39.041-9.76 71.981-49.614 83.368l-50.834 14.234zM370.478 623.835c-6.507-22.367-25.214-36.194-51.241-28.874l-23.587 6.507 22.774 80.114 23.18-6.507c25.214-6.507 34.974-29.28 28.874-51.241z" class="path7" fill="rgb(255, 255, 255)"></path><path d="M450.186 670.602l-36.194-128.102 90.688-25.62 6.913 23.994-63.441 17.894 7.727 26.84 62.221-17.487 6.913 23.994-62.221 17.487 8.133 29.28 63.441-17.894 6.913 23.994-91.095 25.62z" class="path8" fill="rgb(255, 255, 255)"></path><path d="M665.315 610.008l-14.234-19.52-54.901 15.454-2.033 23.994-30.907 8.54 13.014-142.335 34.16-9.76 85.808 114.275-30.907 9.353zM601.468 518.913l-4.473 61.001 39.854-11.387-35.38-49.614z" class="path9" fill="rgb(255, 255, 255)"></path><path d="M721.843 594.148l-36.194-128.102 27.654-7.727 29.28 104.108 54.087-15.454 6.913 23.994-81.741 23.18z" class="path10" fill="rgb(255, 255, 255)"></path></svg></div></div><span class="element-invisible">View items in deal</span></span></div><img src="./Snacks_Candy_Organic_files/KKTZ7.png" alt="Cascadian Farm Granola Oats &amp; Honey Organic" class="product-grid-cell_main-image" data-block-spinner="true" data-product-id="132375"><div class="product-grid-cell_price-tag overlay--open" tabindex="0" aria-hidden="false"><div class="product-grid-cell_name" role="link" tabindex="0" data-block-spinner="true" data-product-id="132375"><h3 class="product-grid-cell_name-text select-text">Cascadian Farm Granola Oats &amp; Honey Organic</h3></div><div class="product-grid-cell_price-container" role="link" data-block-spinner="true" data-product-id="132375"><div class="product-grid-cell_regular-price-container"><span class="product-grid-cell_was" aria-hidden="true"></span><span class="product-grid-cell_regular-price"></span></div><span class="product-grid-cell_main-price select-text">$4.19</span><span class="product-grid-cell_hidden-price"></span></div><span class="product-grid-cell_size select-text" role="link" data-block-spinner="true" data-product-id="132375">16 oz box</span><span data-block-spinner="true" data-product-id="132375"><span class="product-grid-cell_unit select-text"> | $0.26 / oz</span></span><div class="buy-more-save-more_cta-grid-container" aria-label="Buy 3 @ $3.00 ea" tabindex="0" role="link" data-pod-group="1188673" data-block-spinner="true"><span class="buy-more-save-more_cta buy-more-save-more_link">Buy 3 @ $3.00 ea<span aria-hidden="true"></span></span></div><div class="add-to-cart"><div class="add-to-cart_button"><button class="button button--add-to-cart" data-product-id="132375" data-price="4.19" data-cart-log-location="ORGANIC" data-persisted-quantity="0" data-other-information="{&quot;catPath&quot;:&quot;1,2543&quot;,&quot;sale&quot;:false,&quot;newArrival&quot;:false,&quot;sponsored&quot;:false,&quot;includeContentTrackingInfo&quot;:true}">Add to Cart</button></div><span class="element-invisible" aria-live="assertive"></span></div></div><div class="product-grid-cell_bulk-buy-container overlay--closed" tabindex="-1" aria-hidden="true"><bulk-buy-scroller other-information="otherInformation" on-close="onCloseBMSMOverlay()" product="product" cart-log-location="cartLogLocation" options="options" product-id="product.prodId"><!----><div ng-class="{&#39;bulk-buy-scroller_container--vertical&#39;: $ctrl.options.bulkBuyVerticalStyle}" class="bulk-buy-scroller_container bulk-buy-scroller_container--vertical" ng-if="$ctrl.shouldShowBulkBuy()"><!----><div class="bulk-buy-scroller_header-container" ng-if="$ctrl.isSIMQ() || (!$ctrl.isSIMQ() &amp;&amp; $ctrl.isShelf()) "><!----><h4 id="bulk-buy-scroller_heading--132375" class="bulk-buy-scroller_heading text-center" ng-class="{
            &#39;bulk-buy-scroller_heading--reverse&#39;: $ctrl.options.bulkBuyReverseStyle,
            &#39;text-center&#39;: $ctrl.isShelf()
        }">Buy More Save More</h4><!----><button ng-if="($ctrl.options.bulkBuyReverseStyle || $ctrl.options.bulkBuyVerticalStyle)" ng-click="$ctrl.close()" ng-class="{
            &#39;bulk-buy-scroller_close-button--reverse&#39;: $ctrl.options.bulkBuyReverseStyle,
            &#39;bulk-buy-scroller_close-button--vertical&#39;: $ctrl.options.bulkBuyVerticalStyle,
            &#39;button--white-no-border&#39;: $ctrl.state.currentQuantity === 0,
            &#39;button--lightest-grey&#39;: $ctrl.state.currentQuantity &gt; 0
            }" class="button bulk-buy-scroller_close-button bulk-buy-scroller_close-button--vertical button--white-no-border" aria-label="Close Promotion Options" tabindex="0"><div class="vector-icon_outer-wrapper" svg-id="icon_close" svg-class="vector-icon-color--dark-grey" container-class="vector-icon-size--xxsmall" svg-title="Close Icon" svg-description="X Icon" svg-role="presentation" svg-aria-hidden="true"><div class="vector-icon_container vector-icon-size--xxsmall"><svg version="1.1" x="0px" y="0px" focusable="false" viewBox="0 0 1024 1024" class="vector-icon-color--dark-grey" role="presentation" aria-hidden="true"><title>Close Icon</title><desc>X Icon</desc><path d="M20.685 1003.315c27.546 27.546 72.397 27.546 99.942 0l391.373-391.373 391.373 391.373c27.546 27.546 72.397 27.546 99.942 0s27.546-72.397 0-99.942l-391.373-391.373 391.373-391.373c27.546-27.546 27.546-72.397 0-99.942s-72.397-27.546-99.942 0l-391.373 391.373-391.373-391.373c-27.546-27.546-72.397-27.546-99.942 0s-27.546 72.397 0 99.942l391.373 391.373-391.373 391.373c-27.597 27.546-27.597 72.397 0 99.942z" class="path1"></path></svg></div></div></button><!----></div><!----><!----><div class="bulk-buy-scroller_mix-match-container bulk-buy-scroller_mix-match-container--vertical" ng-if="!$ctrl.isSIMQ() &amp;&amp; $ctrl.isShelf()" ng-class="{
            &#39;bulk-buy-scroller_mix-match-container--reverse&#39;: $ctrl.options.bulkBuyReverseStyle,
            &#39;bulk-buy-scroller_mix-match-container--vertical&#39;: $ctrl.options.bulkBuyVerticalStyle,
            &#39;bulk-buy-scroller_mix-match-container--normal&#39;: $ctrl.options.bulkBuyNormalStyle
        }"><button class="button bulk-buy-scroller_mix-match-button" ng-click="$ctrl.openProductGroup()" tabindex="0"><span class="bulk-buy-scroller_button-headline">Buy 3 @ $3.00 ea</span> <span class="bulk-buy-scroller_button-cta">Mix &amp; Match Options </span></button></div><!----><!----><!----></div><!----></bulk-buy-scroller><div class="add-to-cart"><div class="add-to-cart_button"><button class="button button--add-to-cart" data-product-id="132375" data-price="4.19" data-cart-log-location="ORGANIC" data-persisted-quantity="0" data-other-information="{&quot;catPath&quot;:&quot;1,2543&quot;,&quot;sale&quot;:false,&quot;newArrival&quot;:false,&quot;sponsored&quot;:false,&quot;includeContentTrackingInfo&quot;:true}">Add to Cart</button></div><span class="element-invisible" aria-live="assertive"></span></div></div><div class="spyglass-container"></div></li><li role="region" tabindex="-1" aria-label="Annie&#39;s Homegrown Bunny Fruit Snacks Variety Pack Strawberry/Berry Organic" class="product-cell product-grid-cell product-grid-cell--quad" data-id="32-&gt;219315" data-position="32"><div class="confirmation-wrapper confirmation-wrapper--hidden" id="confirmation-wrapper--219315"><div class="confirmation-whitewash"><div class="confirmation-dialog"><div class="confirmation-dialog_messages" tabindex="0"><h4 class="confirmation-dialog_message-headline">Remove This Item From Your Cart?</h4></div><div class="confirmation-dialog_action-container"><div class="confirmation-dialog_confirmation-button"><button class="button button--fourth" tabindex="0" data-product-id="219315" data-cart-log-location="ORGANIC" data-persisted-quantity="undefined" data-price="7.99">OK</button></div><div class="confirmation-dialog_cancel-button"><button class="button button--fourth" tabindex="0" data-product-id="219315">Cancel</button></div></div></div></div></div><div class="confirmation-wrapper" style="display: none;"><div class="confirmation-whitewash"></div></div><img src="./Snacks_Candy_Organic_files/EYBIS.jpg" alt="Annie&#39;s Homegrown Bunny Fruit Snacks Variety Pack Strawberry/Berry Organic" class="product-grid-cell_main-image" data-block-spinner="true" data-product-id="219315"><div class="product-grid-cell_price-tag"><div class="product-grid-cell_name" role="link" tabindex="0" data-block-spinner="true" data-product-id="219315"><h3 class="product-grid-cell_name-text select-text">Annie's Homegrown Bunny Fruit Snacks Variety Pack Strawberry/Berry Organic</h3></div><div class="product-grid-cell_price-container" role="link" data-block-spinner="true" data-product-id="219315"><div class="product-grid-cell_regular-price-container"><span class="product-grid-cell_was" aria-hidden="true"></span><span class="product-grid-cell_regular-price"></span></div><span class="product-grid-cell_main-price select-text">$7.99</span><span class="product-grid-cell_hidden-price"></span></div><span class="product-grid-cell_size select-text" role="link" data-block-spinner="true" data-product-id="219315">9.6 oz box</span><span data-block-spinner="true" data-product-id="219315"><span class="product-grid-cell_unit select-text"> | $0.83 / oz</span></span><div class="buy-more-save-more_cta-grid-container"></div><div class="add-to-cart"><div class="add-to-cart_button"><button class="button button--add-to-cart" data-product-id="219315" data-price="7.99" data-cart-log-location="ORGANIC" data-persisted-quantity="0" data-other-information="{&quot;catPath&quot;:&quot;1,2543&quot;,&quot;sale&quot;:false,&quot;newArrival&quot;:false,&quot;sponsored&quot;:false,&quot;includeContentTrackingInfo&quot;:true}">Add to Cart</button></div><span class="element-invisible" aria-live="assertive"></span></div></div><div class="spyglass-container"></div></li><li role="region" tabindex="-1" aria-label="Clif Energy Bar Oatmeal Raisin Walnut Organic" class="product-cell product-grid-cell product-grid-cell--quad" data-id="33-&gt;153573" data-position="33"><div class="confirmation-wrapper confirmation-wrapper--hidden" id="confirmation-wrapper--153573"><div class="confirmation-whitewash"><div class="confirmation-dialog"><div class="confirmation-dialog_messages" tabindex="0"><h4 class="confirmation-dialog_message-headline">Remove This Item From Your Cart?</h4></div><div class="confirmation-dialog_action-container"><div class="confirmation-dialog_confirmation-button"><button class="button button--fourth" tabindex="0" data-product-id="153573" data-cart-log-location="ORGANIC" data-persisted-quantity="undefined" data-price="1.29">OK</button></div><div class="confirmation-dialog_cancel-button"><button class="button button--fourth" tabindex="0" data-product-id="153573">Cancel</button></div></div></div></div></div><div class="confirmation-wrapper" style="display: none;"><div class="confirmation-whitewash"></div></div><div class="vector-icon_absolute--left vector-icon_absolute--top buy-more-save-more_sticker-outer-container" aria-label="buy more save more" tabindex="0" role="link" data-pod-group="1184441" data-block-spinner="true"><span class="vector-icon_inline-text--left buy-more-save-more_link buy-more-save-more_view-deal-sticker"><div class="vector-icon_outer-wrapper"><div class="vector-icon_container vector-icon-size--xxlarge"><svg version="1.1" x="0px" y="0px" focusable="false" viewBox="0 0 1022 1024" class="vector-icon-color--bmsm" role="presentation" aria-hidden="true"><title>view deal icon</title><desc>vew deal icon</desc><path d="M882.478 520.133c0 179.904-164.594 325.744-367.631 325.744s-367.631-145.841-367.631-325.744c0-179.904 164.594-325.744 367.631-325.744s367.631 145.841 367.631 325.744z" class="path1" fill="rgb(255, 255, 255)"></path><path d="M1004.073 382.272c-40.667-15.047-79.708-29.687-119.968-44.734 14.64-40.667 28.467-80.114 43.107-122.002-44.734 0-86.621 0.407-130.135 0.407-1.627-43.514-2.847-84.994-4.473-129.728-41.074 14.64-80.114 28.874-121.188 43.514-16.674-37.414-33.347-74.421-50.834-113.461-33.347 28.060-64.661 54.901-96.788 82.148-30.094-29.28-59.374-58.154-89.468-87.841-19.52 38.634-37.82 74.421-56.934 111.835-39.041-17.080-76.454-33.754-115.902-51.241-4.88 44.734-9.76 87.028-14.234 129.728-42.701-2.847-83.774-5.287-127.695-7.727 12.2 42.294 23.18 82.554 34.974 124.035-40.667 13.827-79.301 27.247-120.375 41.074 25.62 34.974 50.427 68.321 75.641 102.888-33.347 28.060-65.881 55.307-100.041 83.774 37.82 22.774 73.608 43.921 108.988 65.068-20.334 37.82-40.261 74.421-61.001 112.241 42.701 8.947 84.994 17.894 128.102 26.84-7.32 42.701-14.234 82.554-21.147 124.442 45.141-7.32 85.808-14.234 128.508-21.147 8.947 42.294 17.080 82.148 25.62 124.442 38.634-23.994 74.828-46.767 111.835-69.541 24.807 36.6 47.987 71.168 72.794 107.768 25.62-34.974 50.021-67.914 75.234-101.668 36.194 23.587 70.761 46.361 107.768 70.761 11.387-41.887 22.367-82.148 32.94-122.408 43.921 10.98 84.994 21.147 129.322 32.127-4.473-44.734-8.54-85.808-12.607-128.508 41.074-5.693 81.741-10.98 124.848-17.080-16.267-33.754-30.094-65.474-46.361-95.568-9.353-17.487-8.54-26.84 11.387-35.787 30.094-13.42 58.561-30.5 89.061-46.767-31.72-31.314-61.814-60.187-92.315-90.281 27.247-32.94 53.274-64.254 81.334-97.601z" class="path2" fill="rgb(0, 0, 0)"></path><path d="M286.704 537.214l-85.808-114.275 30.907-8.54 63.441 88.248 7.727-108.581 30.907-8.54-13.014 142.335-34.16 9.353z" class="path3" fill="rgb(255, 255, 255)"></path><path d="M396.912 506.307l-36.194-128.102 27.247-7.727 36.194 128.102-27.247 7.727z" class="path4" fill="rgb(255, 255, 255)"></path><path d="M464.013 487.193l-36.194-128.102 90.688-25.62 6.913 23.994-63.441 17.894 7.727 26.84 62.221-17.487 6.913 23.994-62.221 17.487 8.133 29.28 63.441-17.894 6.913 23.994-91.095 25.62z" class="path5" fill="rgb(255, 255, 255)"></path><path d="M688.496 423.752l-47.174-81.741 2.44 94.348-28.874 8.133-72.794-117.935 30.5-8.54 48.801 86.214-2.033-99.228 21.147-6.1 50.427 85.808-3.66-99.228 30.5-8.54-0.407 138.675-28.874 8.133z" class="path6" fill="rgb(255, 255, 255)"></path><path d="M297.684 713.709l-36.194-128.102 50.427-14.234c40.261-11.387 75.234 6.507 86.214 44.734 10.98 39.041-9.76 71.981-49.614 83.368l-50.834 14.234zM370.478 623.835c-6.507-22.367-25.214-36.194-51.241-28.874l-23.587 6.507 22.774 80.114 23.18-6.507c25.214-6.507 34.974-29.28 28.874-51.241z" class="path7" fill="rgb(255, 255, 255)"></path><path d="M450.186 670.602l-36.194-128.102 90.688-25.62 6.913 23.994-63.441 17.894 7.727 26.84 62.221-17.487 6.913 23.994-62.221 17.487 8.133 29.28 63.441-17.894 6.913 23.994-91.095 25.62z" class="path8" fill="rgb(255, 255, 255)"></path><path d="M665.315 610.008l-14.234-19.52-54.901 15.454-2.033 23.994-30.907 8.54 13.014-142.335 34.16-9.76 85.808 114.275-30.907 9.353zM601.468 518.913l-4.473 61.001 39.854-11.387-35.38-49.614z" class="path9" fill="rgb(255, 255, 255)"></path><path d="M721.843 594.148l-36.194-128.102 27.654-7.727 29.28 104.108 54.087-15.454 6.913 23.994-81.741 23.18z" class="path10" fill="rgb(255, 255, 255)"></path></svg></div></div><span class="element-invisible">View items in deal</span></span></div><img src="./Snacks_Candy_Organic_files/PN9G7.jpg" alt="Clif Energy Bar Oatmeal Raisin Walnut Organic" class="product-grid-cell_main-image" data-block-spinner="true" data-product-id="153573"><div class="product-grid-cell_price-tag overlay--open" tabindex="0" aria-hidden="false"><div class="product-grid-cell_name" role="link" tabindex="0" data-block-spinner="true" data-product-id="153573"><h3 class="product-grid-cell_name-text select-text">Clif Energy Bar Oatmeal Raisin Walnut Organic</h3></div><div class="product-grid-cell_price-container" role="link" data-block-spinner="true" data-product-id="153573"><div class="product-grid-cell_regular-price-container"><span class="product-grid-cell_was" aria-hidden="true"></span><span class="product-grid-cell_regular-price"></span></div><span class="product-grid-cell_main-price select-text">$1.29</span><span class="product-grid-cell_hidden-price"></span></div><span class="product-grid-cell_size select-text" role="link" data-block-spinner="true" data-product-id="153573">2.4 oz bar</span><span data-block-spinner="true" data-product-id="153573"><span class="product-grid-cell_unit select-text"> | $0.54 / oz</span></span><div class="buy-more-save-more_cta-grid-container" aria-label="Buy 10 for $10" tabindex="0" role="link" data-pod-group="1184441" data-block-spinner="true"><span class="buy-more-save-more_cta buy-more-save-more_link">Buy 10 for $10<span aria-hidden="true"></span></span></div><div class="add-to-cart"><div class="add-to-cart_button"><button class="button button--add-to-cart" data-product-id="153573" data-price="1.29" data-cart-log-location="ORGANIC" data-persisted-quantity="0" data-other-information="{&quot;catPath&quot;:&quot;1,2543&quot;,&quot;sale&quot;:false,&quot;newArrival&quot;:false,&quot;sponsored&quot;:false,&quot;includeContentTrackingInfo&quot;:true}">Add to Cart</button></div><span class="element-invisible" aria-live="assertive"></span></div></div><div class="product-grid-cell_bulk-buy-container overlay--closed" tabindex="-1" aria-hidden="true"><bulk-buy-scroller other-information="otherInformation" on-close="onCloseBMSMOverlay()" product="product" cart-log-location="cartLogLocation" options="options" product-id="product.prodId"><!----><div ng-class="{&#39;bulk-buy-scroller_container--vertical&#39;: $ctrl.options.bulkBuyVerticalStyle}" class="bulk-buy-scroller_container bulk-buy-scroller_container--vertical" ng-if="$ctrl.shouldShowBulkBuy()"><!----><div class="bulk-buy-scroller_header-container" ng-if="$ctrl.isSIMQ() || (!$ctrl.isSIMQ() &amp;&amp; $ctrl.isShelf()) "><!----><h4 id="bulk-buy-scroller_heading--153573" class="bulk-buy-scroller_heading text-center" ng-class="{
            &#39;bulk-buy-scroller_heading--reverse&#39;: $ctrl.options.bulkBuyReverseStyle,
            &#39;text-center&#39;: $ctrl.isShelf()
        }">Buy More Save More</h4><!----><button ng-if="($ctrl.options.bulkBuyReverseStyle || $ctrl.options.bulkBuyVerticalStyle)" ng-click="$ctrl.close()" ng-class="{
            &#39;bulk-buy-scroller_close-button--reverse&#39;: $ctrl.options.bulkBuyReverseStyle,
            &#39;bulk-buy-scroller_close-button--vertical&#39;: $ctrl.options.bulkBuyVerticalStyle,
            &#39;button--white-no-border&#39;: $ctrl.state.currentQuantity === 0,
            &#39;button--lightest-grey&#39;: $ctrl.state.currentQuantity &gt; 0
            }" class="button bulk-buy-scroller_close-button bulk-buy-scroller_close-button--vertical button--white-no-border" aria-label="Close Promotion Options" tabindex="0"><div class="vector-icon_outer-wrapper" svg-id="icon_close" svg-class="vector-icon-color--dark-grey" container-class="vector-icon-size--xxsmall" svg-title="Close Icon" svg-description="X Icon" svg-role="presentation" svg-aria-hidden="true"><div class="vector-icon_container vector-icon-size--xxsmall"><svg version="1.1" x="0px" y="0px" focusable="false" viewBox="0 0 1024 1024" class="vector-icon-color--dark-grey" role="presentation" aria-hidden="true"><title>Close Icon</title><desc>X Icon</desc><path d="M20.685 1003.315c27.546 27.546 72.397 27.546 99.942 0l391.373-391.373 391.373 391.373c27.546 27.546 72.397 27.546 99.942 0s27.546-72.397 0-99.942l-391.373-391.373 391.373-391.373c27.546-27.546 27.546-72.397 0-99.942s-72.397-27.546-99.942 0l-391.373 391.373-391.373-391.373c-27.546-27.546-72.397-27.546-99.942 0s-27.546 72.397 0 99.942l391.373 391.373-391.373 391.373c-27.597 27.546-27.597 72.397 0 99.942z" class="path1"></path></svg></div></div></button><!----></div><!----><!----><div class="bulk-buy-scroller_mix-match-container bulk-buy-scroller_mix-match-container--vertical" ng-if="!$ctrl.isSIMQ() &amp;&amp; $ctrl.isShelf()" ng-class="{
            &#39;bulk-buy-scroller_mix-match-container--reverse&#39;: $ctrl.options.bulkBuyReverseStyle,
            &#39;bulk-buy-scroller_mix-match-container--vertical&#39;: $ctrl.options.bulkBuyVerticalStyle,
            &#39;bulk-buy-scroller_mix-match-container--normal&#39;: $ctrl.options.bulkBuyNormalStyle
        }"><button class="button bulk-buy-scroller_mix-match-button" ng-click="$ctrl.openProductGroup()" tabindex="0"><span class="bulk-buy-scroller_button-headline">Buy 10 for $10</span> <span class="bulk-buy-scroller_button-cta">Mix &amp; Match Options </span></button></div><!----><!----><!----></div><!----></bulk-buy-scroller><div class="add-to-cart"><div class="add-to-cart_button"><button class="button button--add-to-cart" data-product-id="153573" data-price="1.29" data-cart-log-location="ORGANIC" data-persisted-quantity="0" data-other-information="{&quot;catPath&quot;:&quot;1,2543&quot;,&quot;sale&quot;:false,&quot;newArrival&quot;:false,&quot;sponsored&quot;:false,&quot;includeContentTrackingInfo&quot;:true}">Add to Cart</button></div><span class="element-invisible" aria-live="assertive"></span></div></div><div class="spyglass-container"></div></li><li role="region" tabindex="-1" aria-label="Nature&#39;s Promise Organic Pretzel Sticks Honey Wheat" class="product-cell product-grid-cell product-grid-cell--quad" data-id="34-&gt;146621" data-position="34"><div class="confirmation-wrapper confirmation-wrapper--hidden" id="confirmation-wrapper--146621"><div class="confirmation-whitewash"><div class="confirmation-dialog"><div class="confirmation-dialog_messages" tabindex="0"><h4 class="confirmation-dialog_message-headline">Remove This Item From Your Cart?</h4></div><div class="confirmation-dialog_action-container"><div class="confirmation-dialog_confirmation-button"><button class="button button--fourth" tabindex="0" data-product-id="146621" data-cart-log-location="ORGANIC" data-persisted-quantity="undefined" data-price="2.39">OK</button></div><div class="confirmation-dialog_cancel-button"><button class="button button--fourth" tabindex="0" data-product-id="146621">Cancel</button></div></div></div></div></div><div class="confirmation-wrapper" style="display: none;"><div class="confirmation-whitewash"></div></div><img src="./Snacks_Candy_Organic_files/NOR3F.jpg" alt="Nature&#39;s Promise Organic Pretzel Sticks Honey Wheat" class="product-grid-cell_main-image" data-block-spinner="true" data-product-id="146621"><div class="product-grid-cell_price-tag"><div class="product-grid-cell_name" role="link" tabindex="0" data-block-spinner="true" data-product-id="146621"><h3 class="product-grid-cell_name-text select-text"><span class="vector-icon_inline-text--left"><div class="vector-icon_outer-wrapper"><div class="vector-icon_container vector-icon-size--xsmall"><svg version="1.1" x="0px" y="0px" focusable="false" viewBox="0 0 945 1024" class="" role="presentation" aria-hidden="true"><title>Ahold Wedge Icon</title><desc>Ahold Icon</desc><path d="M1.893 730.617c-1.289-2.094-2.052-4.631-2.052-7.346 0-0.747 0.058-1.481 0.169-2.197 0.158-12.396 10.227-22.466 22.687-22.634l895.306-0c12.476 0.168 22.545 10.237 22.713 22.698-0.521 3.721-1.182 6.924-2.024 10.053l0.131-0.574c-86.363 175.072-263.598 293.385-468.466 293.385s-382.103-118.313-467.105-290.339l-1.361-3.046z" class="path1" fill="rgb(247, 168, 0)"></path><path d="M107.889 132.495c1.893-1.893 1.893-3.786 3.786-5.678 2.98-3.491 7.385-5.69 12.303-5.69s9.323 2.199 12.284 5.668l0.019 0.022 476.983 476.983c3.491 2.98 5.69 7.385 5.69 12.303s-2.199 9.323-5.668 12.284c-1.399 1.869-3.361 3.216-5.631 3.789l-0.069 0.015c-38.446 13.732-82.796 21.669-129.001 21.669-108.416 0-206.626-43.699-277.977-114.443-70.367-71.826-113.809-170.317-113.809-278.955 0-45.803 7.722-89.803 21.936-130.767l-0.845 2.8z" class="path2" fill="rgb(226, 35, 26)"></path><path d="M600.015 1.893c1.247-1.204 2.948-1.946 4.822-1.946 0.302 0 0.6 0.019 0.891 0.057 0.057-0.006 0.164-0.007 0.272-0.007 7.15 0 12.947 5.796 12.947 12.947 0 0.108-0.001 0.215-0.004 0.322l0-0.016v503.482c0.002 0.091 0.004 0.199 0.004 0.306 0 7.15-5.796 12.947-12.947 12.947-0.108 0-0.215-0.001-0.322-0.004-0.241 0.034-0.539 0.053-0.841 0.053-1.874 0-3.574-0.742-4.824-1.948l0.002 0.002c-98.273-48.542-164.673-148.065-164.673-263.098s66.401-214.556 162.964-262.333l1.709-0.765z" class="path3" fill="rgb(113, 33, 119)"></path><path d="M938.824 283.919c1.893 0 1.893 1.893 3.786 1.893 1.765 2.012 2.841 4.666 2.841 7.571s-1.077 5.559-2.853 7.584l0.011-0.013-268.776 266.884c-2.012 1.765-4.666 2.841-7.571 2.841s-5.559-1.077-7.584-2.853c-1.144-0.651-1.911-1.879-1.911-3.285 0-0.172 0.012-0.342 0.034-0.508l-0.002 0.019c-7.681-21.529-12.12-46.363-12.12-72.235 0-61.263 24.891-116.712 65.111-156.786 39.326-39.792 93.895-64.431 154.219-64.431 26.857 0 52.573 4.884 76.309 13.812l-1.494-0.493z" class="path4" fill="rgb(130, 188, 0)"></path></svg></div></div></span>Nature's Promise Organic Pretzel Sticks Honey Wheat</h3></div><div class="product-grid-cell_price-container" role="link" data-block-spinner="true" data-product-id="146621"><div class="product-grid-cell_regular-price-container"><span class="product-grid-cell_was" aria-hidden="true"></span><span class="product-grid-cell_regular-price"></span></div><span class="product-grid-cell_main-price select-text">$2.39</span><span class="product-grid-cell_hidden-price"></span></div><span class="product-grid-cell_size select-text" role="link" data-block-spinner="true" data-product-id="146621">8 oz bag</span><span data-block-spinner="true" data-product-id="146621"><span class="product-grid-cell_unit select-text"> | $0.30 / oz</span></span><div class="buy-more-save-more_cta-grid-container"></div><div class="add-to-cart"><div class="add-to-cart_button"><button class="button button--add-to-cart" data-product-id="146621" data-price="2.39" data-cart-log-location="ORGANIC" data-persisted-quantity="0" data-other-information="{&quot;catPath&quot;:&quot;1,2543&quot;,&quot;sale&quot;:false,&quot;newArrival&quot;:false,&quot;sponsored&quot;:false,&quot;includeContentTrackingInfo&quot;:true}">Add to Cart</button></div><span class="element-invisible" aria-live="assertive"></span></div></div><div class="spyglass-container"></div></li><li role="region" tabindex="-1" aria-label="Annie&#39;s Homegrown Friends Bunny Grahams (Honey, Choc &amp; Choc Chip) Organic" class="product-cell product-grid-cell product-grid-cell--quad" data-id="35-&gt;187861" data-position="35"><div class="confirmation-wrapper confirmation-wrapper--hidden" id="confirmation-wrapper--187861"><div class="confirmation-whitewash"><div class="confirmation-dialog"><div class="confirmation-dialog_messages" tabindex="0"><h4 class="confirmation-dialog_message-headline">Remove This Item From Your Cart?</h4></div><div class="confirmation-dialog_action-container"><div class="confirmation-dialog_confirmation-button"><button class="button button--fourth" tabindex="0" data-product-id="187861" data-cart-log-location="ORGANIC" data-persisted-quantity="undefined" data-price="3.69">OK</button></div><div class="confirmation-dialog_cancel-button"><button class="button button--fourth" tabindex="0" data-product-id="187861">Cancel</button></div></div></div></div></div><div class="confirmation-wrapper" style="display: none;"><div class="confirmation-whitewash"></div></div><img src="./Snacks_Candy_Organic_files/NXVGV.jpg" alt="Annie&#39;s Homegrown Friends Bunny Grahams (Honey, Choc &amp; Choc Chip) Organic" class="product-grid-cell_main-image" data-block-spinner="true" data-product-id="187861"><div class="product-grid-cell_price-tag"><div class="product-grid-cell_name" role="link" tabindex="0" data-block-spinner="true" data-product-id="187861"><h3 class="product-grid-cell_name-text select-text">Annie's Homegrown Friends Bunny Grahams (Honey, Choc &amp; Choc Chip) Organic</h3></div><div class="product-grid-cell_price-container" role="link" data-block-spinner="true" data-product-id="187861"><div class="product-grid-cell_regular-price-container"><span class="product-grid-cell_was" aria-hidden="true"></span><span class="product-grid-cell_regular-price"></span></div><span class="product-grid-cell_main-price select-text">$3.69</span><span class="product-grid-cell_hidden-price"></span></div><span class="product-grid-cell_size select-text" role="link" data-block-spinner="true" data-product-id="187861">7 oz box</span><span data-block-spinner="true" data-product-id="187861"><span class="product-grid-cell_unit select-text"> | $0.53 / oz</span></span><div class="buy-more-save-more_cta-grid-container"></div><div class="add-to-cart"><div class="add-to-cart_button"><button class="button button--add-to-cart" data-product-id="187861" data-price="3.69" data-cart-log-location="ORGANIC" data-persisted-quantity="0" data-other-information="{&quot;catPath&quot;:&quot;1,2543&quot;,&quot;sale&quot;:false,&quot;newArrival&quot;:false,&quot;sponsored&quot;:false,&quot;includeContentTrackingInfo&quot;:true}">Add to Cart</button></div><span class="element-invisible" aria-live="assertive"></span></div></div><div class="spyglass-container"></div></li><li role="region" tabindex="-1" aria-label="Nature&#39;s Promise Organic Hummus Roasted Red Pepper" class="product-cell product-grid-cell product-grid-cell--quad" data-id="36-&gt;217469" data-position="36"><div class="confirmation-wrapper confirmation-wrapper--hidden" id="confirmation-wrapper--217469"><div class="confirmation-whitewash"><div class="confirmation-dialog"><div class="confirmation-dialog_messages" tabindex="0"><h4 class="confirmation-dialog_message-headline">Remove This Item From Your Cart?</h4></div><div class="confirmation-dialog_action-container"><div class="confirmation-dialog_confirmation-button"><button class="button button--fourth" tabindex="0" data-product-id="217469" data-cart-log-location="ORGANIC" data-persisted-quantity="undefined" data-price="3.69">OK</button></div><div class="confirmation-dialog_cancel-button"><button class="button button--fourth" tabindex="0" data-product-id="217469">Cancel</button></div></div></div></div></div><div class="confirmation-wrapper" style="display: none;"><div class="confirmation-whitewash"></div></div><img src="./Snacks_Candy_Organic_files/1LGMW.jpg" alt="Nature&#39;s Promise Organic Hummus Roasted Red Pepper" class="product-grid-cell_main-image" data-block-spinner="true" data-product-id="217469"><div class="product-grid-cell_price-tag"><div class="product-grid-cell_name" role="link" tabindex="0" data-block-spinner="true" data-product-id="217469"><h3 class="product-grid-cell_name-text select-text"><span class="vector-icon_inline-text--left"><div class="vector-icon_outer-wrapper"><div class="vector-icon_container vector-icon-size--xsmall"><svg version="1.1" x="0px" y="0px" focusable="false" viewBox="0 0 945 1024" class="" role="presentation" aria-hidden="true"><title>Ahold Wedge Icon</title><desc>Ahold Icon</desc><path d="M1.893 730.617c-1.289-2.094-2.052-4.631-2.052-7.346 0-0.747 0.058-1.481 0.169-2.197 0.158-12.396 10.227-22.466 22.687-22.634l895.306-0c12.476 0.168 22.545 10.237 22.713 22.698-0.521 3.721-1.182 6.924-2.024 10.053l0.131-0.574c-86.363 175.072-263.598 293.385-468.466 293.385s-382.103-118.313-467.105-290.339l-1.361-3.046z" class="path1" fill="rgb(247, 168, 0)"></path><path d="M107.889 132.495c1.893-1.893 1.893-3.786 3.786-5.678 2.98-3.491 7.385-5.69 12.303-5.69s9.323 2.199 12.284 5.668l0.019 0.022 476.983 476.983c3.491 2.98 5.69 7.385 5.69 12.303s-2.199 9.323-5.668 12.284c-1.399 1.869-3.361 3.216-5.631 3.789l-0.069 0.015c-38.446 13.732-82.796 21.669-129.001 21.669-108.416 0-206.626-43.699-277.977-114.443-70.367-71.826-113.809-170.317-113.809-278.955 0-45.803 7.722-89.803 21.936-130.767l-0.845 2.8z" class="path2" fill="rgb(226, 35, 26)"></path><path d="M600.015 1.893c1.247-1.204 2.948-1.946 4.822-1.946 0.302 0 0.6 0.019 0.891 0.057 0.057-0.006 0.164-0.007 0.272-0.007 7.15 0 12.947 5.796 12.947 12.947 0 0.108-0.001 0.215-0.004 0.322l0-0.016v503.482c0.002 0.091 0.004 0.199 0.004 0.306 0 7.15-5.796 12.947-12.947 12.947-0.108 0-0.215-0.001-0.322-0.004-0.241 0.034-0.539 0.053-0.841 0.053-1.874 0-3.574-0.742-4.824-1.948l0.002 0.002c-98.273-48.542-164.673-148.065-164.673-263.098s66.401-214.556 162.964-262.333l1.709-0.765z" class="path3" fill="rgb(113, 33, 119)"></path><path d="M938.824 283.919c1.893 0 1.893 1.893 3.786 1.893 1.765 2.012 2.841 4.666 2.841 7.571s-1.077 5.559-2.853 7.584l0.011-0.013-268.776 266.884c-2.012 1.765-4.666 2.841-7.571 2.841s-5.559-1.077-7.584-2.853c-1.144-0.651-1.911-1.879-1.911-3.285 0-0.172 0.012-0.342 0.034-0.508l-0.002 0.019c-7.681-21.529-12.12-46.363-12.12-72.235 0-61.263 24.891-116.712 65.111-156.786 39.326-39.792 93.895-64.431 154.219-64.431 26.857 0 52.573 4.884 76.309 13.812l-1.494-0.493z" class="path4" fill="rgb(130, 188, 0)"></path></svg></div></div></span>Nature's Promise Organic Hummus Roasted Red Pepper</h3></div><div class="product-grid-cell_price-container" role="link" data-block-spinner="true" data-product-id="217469"><div class="product-grid-cell_regular-price-container"><span class="product-grid-cell_was" aria-hidden="true"></span><span class="product-grid-cell_regular-price"></span></div><span class="product-grid-cell_main-price select-text">$3.69</span><span class="product-grid-cell_hidden-price"></span></div><span class="product-grid-cell_size select-text" role="link" data-block-spinner="true" data-product-id="217469">8 oz tub</span><span data-block-spinner="true" data-product-id="217469"><span class="product-grid-cell_unit select-text"> | $0.46 / oz</span></span><div class="buy-more-save-more_cta-grid-container"></div><div class="add-to-cart"><div class="add-to-cart_button"><button class="button button--add-to-cart" data-product-id="217469" data-price="3.69" data-cart-log-location="ORGANIC" data-persisted-quantity="0" data-other-information="{&quot;catPath&quot;:&quot;1,2543&quot;,&quot;sale&quot;:false,&quot;newArrival&quot;:false,&quot;sponsored&quot;:false,&quot;includeContentTrackingInfo&quot;:true}">Add to Cart</button></div><span class="element-invisible" aria-live="assertive"></span></div></div><div class="spyglass-container"></div></li><li role="region" tabindex="-1" aria-label="Clif Energy Bar Chocolate Chip Peanut Crunch Organic" class="product-cell product-grid-cell product-grid-cell--quad" data-id="37-&gt;109781" data-position="37"><div class="confirmation-wrapper confirmation-wrapper--hidden" id="confirmation-wrapper--109781"><div class="confirmation-whitewash"><div class="confirmation-dialog"><div class="confirmation-dialog_messages" tabindex="0"><h4 class="confirmation-dialog_message-headline">Remove This Item From Your Cart?</h4></div><div class="confirmation-dialog_action-container"><div class="confirmation-dialog_confirmation-button"><button class="button button--fourth" tabindex="0" data-product-id="109781" data-cart-log-location="ORGANIC" data-persisted-quantity="undefined" data-price="1.29">OK</button></div><div class="confirmation-dialog_cancel-button"><button class="button button--fourth" tabindex="0" data-product-id="109781">Cancel</button></div></div></div></div></div><div class="confirmation-wrapper" style="display: none;"><div class="confirmation-whitewash"></div></div><div class="vector-icon_absolute--left vector-icon_absolute--top buy-more-save-more_sticker-outer-container" aria-label="buy more save more" tabindex="0" role="link" data-pod-group="1184441" data-block-spinner="true"><span class="vector-icon_inline-text--left buy-more-save-more_link buy-more-save-more_view-deal-sticker"><div class="vector-icon_outer-wrapper"><div class="vector-icon_container vector-icon-size--xxlarge"><svg version="1.1" x="0px" y="0px" focusable="false" viewBox="0 0 1022 1024" class="vector-icon-color--bmsm" role="presentation" aria-hidden="true"><title>view deal icon</title><desc>vew deal icon</desc><path d="M882.478 520.133c0 179.904-164.594 325.744-367.631 325.744s-367.631-145.841-367.631-325.744c0-179.904 164.594-325.744 367.631-325.744s367.631 145.841 367.631 325.744z" class="path1" fill="rgb(255, 255, 255)"></path><path d="M1004.073 382.272c-40.667-15.047-79.708-29.687-119.968-44.734 14.64-40.667 28.467-80.114 43.107-122.002-44.734 0-86.621 0.407-130.135 0.407-1.627-43.514-2.847-84.994-4.473-129.728-41.074 14.64-80.114 28.874-121.188 43.514-16.674-37.414-33.347-74.421-50.834-113.461-33.347 28.060-64.661 54.901-96.788 82.148-30.094-29.28-59.374-58.154-89.468-87.841-19.52 38.634-37.82 74.421-56.934 111.835-39.041-17.080-76.454-33.754-115.902-51.241-4.88 44.734-9.76 87.028-14.234 129.728-42.701-2.847-83.774-5.287-127.695-7.727 12.2 42.294 23.18 82.554 34.974 124.035-40.667 13.827-79.301 27.247-120.375 41.074 25.62 34.974 50.427 68.321 75.641 102.888-33.347 28.060-65.881 55.307-100.041 83.774 37.82 22.774 73.608 43.921 108.988 65.068-20.334 37.82-40.261 74.421-61.001 112.241 42.701 8.947 84.994 17.894 128.102 26.84-7.32 42.701-14.234 82.554-21.147 124.442 45.141-7.32 85.808-14.234 128.508-21.147 8.947 42.294 17.080 82.148 25.62 124.442 38.634-23.994 74.828-46.767 111.835-69.541 24.807 36.6 47.987 71.168 72.794 107.768 25.62-34.974 50.021-67.914 75.234-101.668 36.194 23.587 70.761 46.361 107.768 70.761 11.387-41.887 22.367-82.148 32.94-122.408 43.921 10.98 84.994 21.147 129.322 32.127-4.473-44.734-8.54-85.808-12.607-128.508 41.074-5.693 81.741-10.98 124.848-17.080-16.267-33.754-30.094-65.474-46.361-95.568-9.353-17.487-8.54-26.84 11.387-35.787 30.094-13.42 58.561-30.5 89.061-46.767-31.72-31.314-61.814-60.187-92.315-90.281 27.247-32.94 53.274-64.254 81.334-97.601z" class="path2" fill="rgb(0, 0, 0)"></path><path d="M286.704 537.214l-85.808-114.275 30.907-8.54 63.441 88.248 7.727-108.581 30.907-8.54-13.014 142.335-34.16 9.353z" class="path3" fill="rgb(255, 255, 255)"></path><path d="M396.912 506.307l-36.194-128.102 27.247-7.727 36.194 128.102-27.247 7.727z" class="path4" fill="rgb(255, 255, 255)"></path><path d="M464.013 487.193l-36.194-128.102 90.688-25.62 6.913 23.994-63.441 17.894 7.727 26.84 62.221-17.487 6.913 23.994-62.221 17.487 8.133 29.28 63.441-17.894 6.913 23.994-91.095 25.62z" class="path5" fill="rgb(255, 255, 255)"></path><path d="M688.496 423.752l-47.174-81.741 2.44 94.348-28.874 8.133-72.794-117.935 30.5-8.54 48.801 86.214-2.033-99.228 21.147-6.1 50.427 85.808-3.66-99.228 30.5-8.54-0.407 138.675-28.874 8.133z" class="path6" fill="rgb(255, 255, 255)"></path><path d="M297.684 713.709l-36.194-128.102 50.427-14.234c40.261-11.387 75.234 6.507 86.214 44.734 10.98 39.041-9.76 71.981-49.614 83.368l-50.834 14.234zM370.478 623.835c-6.507-22.367-25.214-36.194-51.241-28.874l-23.587 6.507 22.774 80.114 23.18-6.507c25.214-6.507 34.974-29.28 28.874-51.241z" class="path7" fill="rgb(255, 255, 255)"></path><path d="M450.186 670.602l-36.194-128.102 90.688-25.62 6.913 23.994-63.441 17.894 7.727 26.84 62.221-17.487 6.913 23.994-62.221 17.487 8.133 29.28 63.441-17.894 6.913 23.994-91.095 25.62z" class="path8" fill="rgb(255, 255, 255)"></path><path d="M665.315 610.008l-14.234-19.52-54.901 15.454-2.033 23.994-30.907 8.54 13.014-142.335 34.16-9.76 85.808 114.275-30.907 9.353zM601.468 518.913l-4.473 61.001 39.854-11.387-35.38-49.614z" class="path9" fill="rgb(255, 255, 255)"></path><path d="M721.843 594.148l-36.194-128.102 27.654-7.727 29.28 104.108 54.087-15.454 6.913 23.994-81.741 23.18z" class="path10" fill="rgb(255, 255, 255)"></path></svg></div></div><span class="element-invisible">View items in deal</span></span></div><img src="./Snacks_Candy_Organic_files/HF67X.jpg" alt="Clif Energy Bar Chocolate Chip Peanut Crunch Organic" class="product-grid-cell_main-image" data-block-spinner="true" data-product-id="109781"><div class="product-grid-cell_price-tag overlay--open" tabindex="0" aria-hidden="false"><div class="product-grid-cell_name" role="link" tabindex="0" data-block-spinner="true" data-product-id="109781"><h3 class="product-grid-cell_name-text select-text">Clif Energy Bar Chocolate Chip Peanut Crunch Organic</h3></div><div class="product-grid-cell_price-container" role="link" data-block-spinner="true" data-product-id="109781"><div class="product-grid-cell_regular-price-container"><span class="product-grid-cell_was" aria-hidden="true"></span><span class="product-grid-cell_regular-price"></span></div><span class="product-grid-cell_main-price select-text">$1.29</span><span class="product-grid-cell_hidden-price"></span></div><span class="product-grid-cell_size select-text" role="link" data-block-spinner="true" data-product-id="109781">2.4 oz bar</span><span data-block-spinner="true" data-product-id="109781"><span class="product-grid-cell_unit select-text"> | $0.54 / oz</span></span><div class="buy-more-save-more_cta-grid-container" aria-label="Buy 10 for $10" tabindex="0" role="link" data-pod-group="1184441" data-block-spinner="true"><span class="buy-more-save-more_cta buy-more-save-more_link">Buy 10 for $10<span aria-hidden="true"></span></span></div><div class="add-to-cart"><div class="add-to-cart_button"><button class="button button--add-to-cart" data-product-id="109781" data-price="1.29" data-cart-log-location="ORGANIC" data-persisted-quantity="0" data-other-information="{&quot;catPath&quot;:&quot;1,2543&quot;,&quot;sale&quot;:false,&quot;newArrival&quot;:false,&quot;sponsored&quot;:false,&quot;includeContentTrackingInfo&quot;:true}">Add to Cart</button></div><span class="element-invisible" aria-live="assertive"></span></div></div><div class="product-grid-cell_bulk-buy-container overlay--closed" tabindex="-1" aria-hidden="true"><bulk-buy-scroller other-information="otherInformation" on-close="onCloseBMSMOverlay()" product="product" cart-log-location="cartLogLocation" options="options" product-id="product.prodId"><!----><div ng-class="{&#39;bulk-buy-scroller_container--vertical&#39;: $ctrl.options.bulkBuyVerticalStyle}" class="bulk-buy-scroller_container bulk-buy-scroller_container--vertical" ng-if="$ctrl.shouldShowBulkBuy()"><!----><div class="bulk-buy-scroller_header-container" ng-if="$ctrl.isSIMQ() || (!$ctrl.isSIMQ() &amp;&amp; $ctrl.isShelf()) "><!----><h4 id="bulk-buy-scroller_heading--109781" class="bulk-buy-scroller_heading text-center" ng-class="{
            &#39;bulk-buy-scroller_heading--reverse&#39;: $ctrl.options.bulkBuyReverseStyle,
            &#39;text-center&#39;: $ctrl.isShelf()
        }">Buy More Save More</h4><!----><button ng-if="($ctrl.options.bulkBuyReverseStyle || $ctrl.options.bulkBuyVerticalStyle)" ng-click="$ctrl.close()" ng-class="{
            &#39;bulk-buy-scroller_close-button--reverse&#39;: $ctrl.options.bulkBuyReverseStyle,
            &#39;bulk-buy-scroller_close-button--vertical&#39;: $ctrl.options.bulkBuyVerticalStyle,
            &#39;button--white-no-border&#39;: $ctrl.state.currentQuantity === 0,
            &#39;button--lightest-grey&#39;: $ctrl.state.currentQuantity &gt; 0
            }" class="button bulk-buy-scroller_close-button bulk-buy-scroller_close-button--vertical button--white-no-border" aria-label="Close Promotion Options" tabindex="0"><div class="vector-icon_outer-wrapper" svg-id="icon_close" svg-class="vector-icon-color--dark-grey" container-class="vector-icon-size--xxsmall" svg-title="Close Icon" svg-description="X Icon" svg-role="presentation" svg-aria-hidden="true"><div class="vector-icon_container vector-icon-size--xxsmall"><svg version="1.1" x="0px" y="0px" focusable="false" viewBox="0 0 1024 1024" class="vector-icon-color--dark-grey" role="presentation" aria-hidden="true"><title>Close Icon</title><desc>X Icon</desc><path d="M20.685 1003.315c27.546 27.546 72.397 27.546 99.942 0l391.373-391.373 391.373 391.373c27.546 27.546 72.397 27.546 99.942 0s27.546-72.397 0-99.942l-391.373-391.373 391.373-391.373c27.546-27.546 27.546-72.397 0-99.942s-72.397-27.546-99.942 0l-391.373 391.373-391.373-391.373c-27.546-27.546-72.397-27.546-99.942 0s-27.546 72.397 0 99.942l391.373 391.373-391.373 391.373c-27.597 27.546-27.597 72.397 0 99.942z" class="path1"></path></svg></div></div></button><!----></div><!----><!----><div class="bulk-buy-scroller_mix-match-container bulk-buy-scroller_mix-match-container--vertical" ng-if="!$ctrl.isSIMQ() &amp;&amp; $ctrl.isShelf()" ng-class="{
            &#39;bulk-buy-scroller_mix-match-container--reverse&#39;: $ctrl.options.bulkBuyReverseStyle,
            &#39;bulk-buy-scroller_mix-match-container--vertical&#39;: $ctrl.options.bulkBuyVerticalStyle,
            &#39;bulk-buy-scroller_mix-match-container--normal&#39;: $ctrl.options.bulkBuyNormalStyle
        }"><button class="button bulk-buy-scroller_mix-match-button" ng-click="$ctrl.openProductGroup()" tabindex="0"><span class="bulk-buy-scroller_button-headline">Buy 10 for $10</span> <span class="bulk-buy-scroller_button-cta">Mix &amp; Match Options </span></button></div><!----><!----><!----></div><!----></bulk-buy-scroller><div class="add-to-cart"><div class="add-to-cart_button"><button class="button button--add-to-cart" data-product-id="109781" data-price="1.29" data-cart-log-location="ORGANIC" data-persisted-quantity="0" data-other-information="{&quot;catPath&quot;:&quot;1,2543&quot;,&quot;sale&quot;:false,&quot;newArrival&quot;:false,&quot;sponsored&quot;:false,&quot;includeContentTrackingInfo&quot;:true}">Add to Cart</button></div><span class="element-invisible" aria-live="assertive"></span></div></div><div class="spyglass-container"></div></li><li role="region" tabindex="-1" aria-label="Clif Energy Bar Coconut Chocolate Chip Organic" class="product-cell product-grid-cell product-grid-cell--quad" data-id="38-&gt;193913" data-position="38"><div class="confirmation-wrapper confirmation-wrapper--hidden" id="confirmation-wrapper--193913"><div class="confirmation-whitewash"><div class="confirmation-dialog"><div class="confirmation-dialog_messages" tabindex="0"><h4 class="confirmation-dialog_message-headline">Remove This Item From Your Cart?</h4></div><div class="confirmation-dialog_action-container"><div class="confirmation-dialog_confirmation-button"><button class="button button--fourth" tabindex="0" data-product-id="193913" data-cart-log-location="ORGANIC" data-persisted-quantity="undefined" data-price="1.29">OK</button></div><div class="confirmation-dialog_cancel-button"><button class="button button--fourth" tabindex="0" data-product-id="193913">Cancel</button></div></div></div></div></div><div class="confirmation-wrapper" style="display: none;"><div class="confirmation-whitewash"></div></div><div class="vector-icon_absolute--left vector-icon_absolute--top buy-more-save-more_sticker-outer-container" aria-label="buy more save more" tabindex="0" role="link" data-pod-group="1184441" data-block-spinner="true"><span class="vector-icon_inline-text--left buy-more-save-more_link buy-more-save-more_view-deal-sticker"><div class="vector-icon_outer-wrapper"><div class="vector-icon_container vector-icon-size--xxlarge"><svg version="1.1" x="0px" y="0px" focusable="false" viewBox="0 0 1022 1024" class="vector-icon-color--bmsm" role="presentation" aria-hidden="true"><title>view deal icon</title><desc>vew deal icon</desc><path d="M882.478 520.133c0 179.904-164.594 325.744-367.631 325.744s-367.631-145.841-367.631-325.744c0-179.904 164.594-325.744 367.631-325.744s367.631 145.841 367.631 325.744z" class="path1" fill="rgb(255, 255, 255)"></path><path d="M1004.073 382.272c-40.667-15.047-79.708-29.687-119.968-44.734 14.64-40.667 28.467-80.114 43.107-122.002-44.734 0-86.621 0.407-130.135 0.407-1.627-43.514-2.847-84.994-4.473-129.728-41.074 14.64-80.114 28.874-121.188 43.514-16.674-37.414-33.347-74.421-50.834-113.461-33.347 28.060-64.661 54.901-96.788 82.148-30.094-29.28-59.374-58.154-89.468-87.841-19.52 38.634-37.82 74.421-56.934 111.835-39.041-17.080-76.454-33.754-115.902-51.241-4.88 44.734-9.76 87.028-14.234 129.728-42.701-2.847-83.774-5.287-127.695-7.727 12.2 42.294 23.18 82.554 34.974 124.035-40.667 13.827-79.301 27.247-120.375 41.074 25.62 34.974 50.427 68.321 75.641 102.888-33.347 28.060-65.881 55.307-100.041 83.774 37.82 22.774 73.608 43.921 108.988 65.068-20.334 37.82-40.261 74.421-61.001 112.241 42.701 8.947 84.994 17.894 128.102 26.84-7.32 42.701-14.234 82.554-21.147 124.442 45.141-7.32 85.808-14.234 128.508-21.147 8.947 42.294 17.080 82.148 25.62 124.442 38.634-23.994 74.828-46.767 111.835-69.541 24.807 36.6 47.987 71.168 72.794 107.768 25.62-34.974 50.021-67.914 75.234-101.668 36.194 23.587 70.761 46.361 107.768 70.761 11.387-41.887 22.367-82.148 32.94-122.408 43.921 10.98 84.994 21.147 129.322 32.127-4.473-44.734-8.54-85.808-12.607-128.508 41.074-5.693 81.741-10.98 124.848-17.080-16.267-33.754-30.094-65.474-46.361-95.568-9.353-17.487-8.54-26.84 11.387-35.787 30.094-13.42 58.561-30.5 89.061-46.767-31.72-31.314-61.814-60.187-92.315-90.281 27.247-32.94 53.274-64.254 81.334-97.601z" class="path2" fill="rgb(0, 0, 0)"></path><path d="M286.704 537.214l-85.808-114.275 30.907-8.54 63.441 88.248 7.727-108.581 30.907-8.54-13.014 142.335-34.16 9.353z" class="path3" fill="rgb(255, 255, 255)"></path><path d="M396.912 506.307l-36.194-128.102 27.247-7.727 36.194 128.102-27.247 7.727z" class="path4" fill="rgb(255, 255, 255)"></path><path d="M464.013 487.193l-36.194-128.102 90.688-25.62 6.913 23.994-63.441 17.894 7.727 26.84 62.221-17.487 6.913 23.994-62.221 17.487 8.133 29.28 63.441-17.894 6.913 23.994-91.095 25.62z" class="path5" fill="rgb(255, 255, 255)"></path><path d="M688.496 423.752l-47.174-81.741 2.44 94.348-28.874 8.133-72.794-117.935 30.5-8.54 48.801 86.214-2.033-99.228 21.147-6.1 50.427 85.808-3.66-99.228 30.5-8.54-0.407 138.675-28.874 8.133z" class="path6" fill="rgb(255, 255, 255)"></path><path d="M297.684 713.709l-36.194-128.102 50.427-14.234c40.261-11.387 75.234 6.507 86.214 44.734 10.98 39.041-9.76 71.981-49.614 83.368l-50.834 14.234zM370.478 623.835c-6.507-22.367-25.214-36.194-51.241-28.874l-23.587 6.507 22.774 80.114 23.18-6.507c25.214-6.507 34.974-29.28 28.874-51.241z" class="path7" fill="rgb(255, 255, 255)"></path><path d="M450.186 670.602l-36.194-128.102 90.688-25.62 6.913 23.994-63.441 17.894 7.727 26.84 62.221-17.487 6.913 23.994-62.221 17.487 8.133 29.28 63.441-17.894 6.913 23.994-91.095 25.62z" class="path8" fill="rgb(255, 255, 255)"></path><path d="M665.315 610.008l-14.234-19.52-54.901 15.454-2.033 23.994-30.907 8.54 13.014-142.335 34.16-9.76 85.808 114.275-30.907 9.353zM601.468 518.913l-4.473 61.001 39.854-11.387-35.38-49.614z" class="path9" fill="rgb(255, 255, 255)"></path><path d="M721.843 594.148l-36.194-128.102 27.654-7.727 29.28 104.108 54.087-15.454 6.913 23.994-81.741 23.18z" class="path10" fill="rgb(255, 255, 255)"></path></svg></div></div><span class="element-invisible">View items in deal</span></span></div><img src="./Snacks_Candy_Organic_files/IMP3D.jpg" alt="Clif Energy Bar Coconut Chocolate Chip Organic" class="product-grid-cell_main-image" data-block-spinner="true" data-product-id="193913"><div class="product-grid-cell_price-tag overlay--open" tabindex="0" aria-hidden="false"><div class="product-grid-cell_name" role="link" tabindex="0" data-block-spinner="true" data-product-id="193913"><h3 class="product-grid-cell_name-text select-text">Clif Energy Bar Coconut Chocolate Chip Organic</h3></div><div class="product-grid-cell_price-container" role="link" data-block-spinner="true" data-product-id="193913"><div class="product-grid-cell_regular-price-container"><span class="product-grid-cell_was" aria-hidden="true"></span><span class="product-grid-cell_regular-price"></span></div><span class="product-grid-cell_main-price select-text">$1.29</span><span class="product-grid-cell_hidden-price"></span></div><span class="product-grid-cell_size select-text" role="link" data-block-spinner="true" data-product-id="193913">2.4 oz bar</span><span data-block-spinner="true" data-product-id="193913"><span class="product-grid-cell_unit select-text"> | $0.54 / oz</span></span><div class="buy-more-save-more_cta-grid-container" aria-label="Buy 10 for $10" tabindex="0" role="link" data-pod-group="1184441" data-block-spinner="true"><span class="buy-more-save-more_cta buy-more-save-more_link">Buy 10 for $10<span aria-hidden="true"></span></span></div><div class="add-to-cart"><div class="add-to-cart_button"><button class="button button--add-to-cart" data-product-id="193913" data-price="1.29" data-cart-log-location="ORGANIC" data-persisted-quantity="0" data-other-information="{&quot;catPath&quot;:&quot;1,2543&quot;,&quot;sale&quot;:false,&quot;newArrival&quot;:false,&quot;sponsored&quot;:false,&quot;includeContentTrackingInfo&quot;:true}">Add to Cart</button></div><span class="element-invisible" aria-live="assertive"></span></div></div><div class="product-grid-cell_bulk-buy-container overlay--closed" tabindex="-1" aria-hidden="true"><bulk-buy-scroller other-information="otherInformation" on-close="onCloseBMSMOverlay()" product="product" cart-log-location="cartLogLocation" options="options" product-id="product.prodId"><!----><div ng-class="{&#39;bulk-buy-scroller_container--vertical&#39;: $ctrl.options.bulkBuyVerticalStyle}" class="bulk-buy-scroller_container bulk-buy-scroller_container--vertical" ng-if="$ctrl.shouldShowBulkBuy()"><!----><div class="bulk-buy-scroller_header-container" ng-if="$ctrl.isSIMQ() || (!$ctrl.isSIMQ() &amp;&amp; $ctrl.isShelf()) "><!----><h4 id="bulk-buy-scroller_heading--193913" class="bulk-buy-scroller_heading text-center" ng-class="{
            &#39;bulk-buy-scroller_heading--reverse&#39;: $ctrl.options.bulkBuyReverseStyle,
            &#39;text-center&#39;: $ctrl.isShelf()
        }">Buy More Save More</h4><!----><button ng-if="($ctrl.options.bulkBuyReverseStyle || $ctrl.options.bulkBuyVerticalStyle)" ng-click="$ctrl.close()" ng-class="{
            &#39;bulk-buy-scroller_close-button--reverse&#39;: $ctrl.options.bulkBuyReverseStyle,
            &#39;bulk-buy-scroller_close-button--vertical&#39;: $ctrl.options.bulkBuyVerticalStyle,
            &#39;button--white-no-border&#39;: $ctrl.state.currentQuantity === 0,
            &#39;button--lightest-grey&#39;: $ctrl.state.currentQuantity &gt; 0
            }" class="button bulk-buy-scroller_close-button bulk-buy-scroller_close-button--vertical button--white-no-border" aria-label="Close Promotion Options" tabindex="0"><div class="vector-icon_outer-wrapper" svg-id="icon_close" svg-class="vector-icon-color--dark-grey" container-class="vector-icon-size--xxsmall" svg-title="Close Icon" svg-description="X Icon" svg-role="presentation" svg-aria-hidden="true"><div class="vector-icon_container vector-icon-size--xxsmall"><svg version="1.1" x="0px" y="0px" focusable="false" viewBox="0 0 1024 1024" class="vector-icon-color--dark-grey" role="presentation" aria-hidden="true"><title>Close Icon</title><desc>X Icon</desc><path d="M20.685 1003.315c27.546 27.546 72.397 27.546 99.942 0l391.373-391.373 391.373 391.373c27.546 27.546 72.397 27.546 99.942 0s27.546-72.397 0-99.942l-391.373-391.373 391.373-391.373c27.546-27.546 27.546-72.397 0-99.942s-72.397-27.546-99.942 0l-391.373 391.373-391.373-391.373c-27.546-27.546-72.397-27.546-99.942 0s-27.546 72.397 0 99.942l391.373 391.373-391.373 391.373c-27.597 27.546-27.597 72.397 0 99.942z" class="path1"></path></svg></div></div></button><!----></div><!----><!----><div class="bulk-buy-scroller_mix-match-container bulk-buy-scroller_mix-match-container--vertical" ng-if="!$ctrl.isSIMQ() &amp;&amp; $ctrl.isShelf()" ng-class="{
            &#39;bulk-buy-scroller_mix-match-container--reverse&#39;: $ctrl.options.bulkBuyReverseStyle,
            &#39;bulk-buy-scroller_mix-match-container--vertical&#39;: $ctrl.options.bulkBuyVerticalStyle,
            &#39;bulk-buy-scroller_mix-match-container--normal&#39;: $ctrl.options.bulkBuyNormalStyle
        }"><button class="button bulk-buy-scroller_mix-match-button" ng-click="$ctrl.openProductGroup()" tabindex="0"><span class="bulk-buy-scroller_button-headline">Buy 10 for $10</span> <span class="bulk-buy-scroller_button-cta">Mix &amp; Match Options </span></button></div><!----><!----><!----></div><!----></bulk-buy-scroller><div class="add-to-cart"><div class="add-to-cart_button"><button class="button button--add-to-cart" data-product-id="193913" data-price="1.29" data-cart-log-location="ORGANIC" data-persisted-quantity="0" data-other-information="{&quot;catPath&quot;:&quot;1,2543&quot;,&quot;sale&quot;:false,&quot;newArrival&quot;:false,&quot;sponsored&quot;:false,&quot;includeContentTrackingInfo&quot;:true}">Add to Cart</button></div><span class="element-invisible" aria-live="assertive"></span></div></div><div class="spyglass-container"></div></li><li role="region" tabindex="-1" aria-label="Cascadian Farm Granola Bars Sweet &amp; Salty Peanut Pretzel Organic - 5 ct" class="product-cell product-grid-cell product-grid-cell--quad" data-id="39-&gt;158124" data-position="39"><div class="confirmation-wrapper confirmation-wrapper--hidden" id="confirmation-wrapper--158124"><div class="confirmation-whitewash"><div class="confirmation-dialog"><div class="confirmation-dialog_messages" tabindex="0"><h4 class="confirmation-dialog_message-headline">Remove This Item From Your Cart?</h4></div><div class="confirmation-dialog_action-container"><div class="confirmation-dialog_confirmation-button"><button class="button button--fourth" tabindex="0" data-product-id="158124" data-cart-log-location="ORGANIC" data-persisted-quantity="undefined" data-price="4.29">OK</button></div><div class="confirmation-dialog_cancel-button"><button class="button button--fourth" tabindex="0" data-product-id="158124">Cancel</button></div></div></div></div></div><div class="confirmation-wrapper" style="display: none;"><div class="confirmation-whitewash"></div></div><div class="vector-icon_absolute--left vector-icon_absolute--top buy-more-save-more_sticker-outer-container" aria-label="buy more save more" tabindex="0" role="link" data-pod-group="1184518" data-block-spinner="true"><span class="vector-icon_inline-text--left buy-more-save-more_link buy-more-save-more_view-deal-sticker"><div class="vector-icon_outer-wrapper"><div class="vector-icon_container vector-icon-size--xxlarge"><svg version="1.1" x="0px" y="0px" focusable="false" viewBox="0 0 1022 1024" class="vector-icon-color--bmsm" role="presentation" aria-hidden="true"><title>view deal icon</title><desc>vew deal icon</desc><path d="M882.478 520.133c0 179.904-164.594 325.744-367.631 325.744s-367.631-145.841-367.631-325.744c0-179.904 164.594-325.744 367.631-325.744s367.631 145.841 367.631 325.744z" class="path1" fill="rgb(255, 255, 255)"></path><path d="M1004.073 382.272c-40.667-15.047-79.708-29.687-119.968-44.734 14.64-40.667 28.467-80.114 43.107-122.002-44.734 0-86.621 0.407-130.135 0.407-1.627-43.514-2.847-84.994-4.473-129.728-41.074 14.64-80.114 28.874-121.188 43.514-16.674-37.414-33.347-74.421-50.834-113.461-33.347 28.060-64.661 54.901-96.788 82.148-30.094-29.28-59.374-58.154-89.468-87.841-19.52 38.634-37.82 74.421-56.934 111.835-39.041-17.080-76.454-33.754-115.902-51.241-4.88 44.734-9.76 87.028-14.234 129.728-42.701-2.847-83.774-5.287-127.695-7.727 12.2 42.294 23.18 82.554 34.974 124.035-40.667 13.827-79.301 27.247-120.375 41.074 25.62 34.974 50.427 68.321 75.641 102.888-33.347 28.060-65.881 55.307-100.041 83.774 37.82 22.774 73.608 43.921 108.988 65.068-20.334 37.82-40.261 74.421-61.001 112.241 42.701 8.947 84.994 17.894 128.102 26.84-7.32 42.701-14.234 82.554-21.147 124.442 45.141-7.32 85.808-14.234 128.508-21.147 8.947 42.294 17.080 82.148 25.62 124.442 38.634-23.994 74.828-46.767 111.835-69.541 24.807 36.6 47.987 71.168 72.794 107.768 25.62-34.974 50.021-67.914 75.234-101.668 36.194 23.587 70.761 46.361 107.768 70.761 11.387-41.887 22.367-82.148 32.94-122.408 43.921 10.98 84.994 21.147 129.322 32.127-4.473-44.734-8.54-85.808-12.607-128.508 41.074-5.693 81.741-10.98 124.848-17.080-16.267-33.754-30.094-65.474-46.361-95.568-9.353-17.487-8.54-26.84 11.387-35.787 30.094-13.42 58.561-30.5 89.061-46.767-31.72-31.314-61.814-60.187-92.315-90.281 27.247-32.94 53.274-64.254 81.334-97.601z" class="path2" fill="rgb(0, 0, 0)"></path><path d="M286.704 537.214l-85.808-114.275 30.907-8.54 63.441 88.248 7.727-108.581 30.907-8.54-13.014 142.335-34.16 9.353z" class="path3" fill="rgb(255, 255, 255)"></path><path d="M396.912 506.307l-36.194-128.102 27.247-7.727 36.194 128.102-27.247 7.727z" class="path4" fill="rgb(255, 255, 255)"></path><path d="M464.013 487.193l-36.194-128.102 90.688-25.62 6.913 23.994-63.441 17.894 7.727 26.84 62.221-17.487 6.913 23.994-62.221 17.487 8.133 29.28 63.441-17.894 6.913 23.994-91.095 25.62z" class="path5" fill="rgb(255, 255, 255)"></path><path d="M688.496 423.752l-47.174-81.741 2.44 94.348-28.874 8.133-72.794-117.935 30.5-8.54 48.801 86.214-2.033-99.228 21.147-6.1 50.427 85.808-3.66-99.228 30.5-8.54-0.407 138.675-28.874 8.133z" class="path6" fill="rgb(255, 255, 255)"></path><path d="M297.684 713.709l-36.194-128.102 50.427-14.234c40.261-11.387 75.234 6.507 86.214 44.734 10.98 39.041-9.76 71.981-49.614 83.368l-50.834 14.234zM370.478 623.835c-6.507-22.367-25.214-36.194-51.241-28.874l-23.587 6.507 22.774 80.114 23.18-6.507c25.214-6.507 34.974-29.28 28.874-51.241z" class="path7" fill="rgb(255, 255, 255)"></path><path d="M450.186 670.602l-36.194-128.102 90.688-25.62 6.913 23.994-63.441 17.894 7.727 26.84 62.221-17.487 6.913 23.994-62.221 17.487 8.133 29.28 63.441-17.894 6.913 23.994-91.095 25.62z" class="path8" fill="rgb(255, 255, 255)"></path><path d="M665.315 610.008l-14.234-19.52-54.901 15.454-2.033 23.994-30.907 8.54 13.014-142.335 34.16-9.76 85.808 114.275-30.907 9.353zM601.468 518.913l-4.473 61.001 39.854-11.387-35.38-49.614z" class="path9" fill="rgb(255, 255, 255)"></path><path d="M721.843 594.148l-36.194-128.102 27.654-7.727 29.28 104.108 54.087-15.454 6.913 23.994-81.741 23.18z" class="path10" fill="rgb(255, 255, 255)"></path></svg></div></div><span class="element-invisible">View items in deal</span></span></div><img src="./Snacks_Candy_Organic_files/7BB8B.png" alt="Cascadian Farm Granola Bars Sweet &amp; Salty Peanut Pretzel Organic - 5 ct" class="product-grid-cell_main-image" data-block-spinner="true" data-product-id="158124"><div class="product-grid-cell_price-tag overlay--open" tabindex="0" aria-hidden="false"><div class="product-grid-cell_name" role="link" tabindex="0" data-block-spinner="true" data-product-id="158124"><h3 class="product-grid-cell_name-text select-text">Cascadian Farm Granola Bars Sweet &amp; Salty Peanut Pretzel Organic - 5 ct</h3></div><div class="product-grid-cell_price-container" role="link" data-block-spinner="true" data-product-id="158124"><div class="product-grid-cell_regular-price-container"><span class="product-grid-cell_was" aria-hidden="true"></span><span class="product-grid-cell_regular-price"></span></div><span class="product-grid-cell_main-price select-text">$4.29</span><span class="product-grid-cell_hidden-price"></span></div><span class="product-grid-cell_size select-text" role="link" data-block-spinner="true" data-product-id="158124">1.2 oz box</span><span data-block-spinner="true" data-product-id="158124"><span class="product-grid-cell_unit select-text"> | $0.69 / oz</span></span><div class="buy-more-save-more_cta-grid-container" aria-label="Buy 2 @ $3.00 ea" tabindex="0" role="link" data-pod-group="1184518" data-block-spinner="true"><span class="buy-more-save-more_cta buy-more-save-more_link">Buy 2 @ $3.00 ea<span aria-hidden="true"></span></span></div><div class="add-to-cart"><div class="add-to-cart_button"><button class="button button--add-to-cart" data-product-id="158124" data-price="4.29" data-cart-log-location="ORGANIC" data-persisted-quantity="0" data-other-information="{&quot;catPath&quot;:&quot;1,2543&quot;,&quot;sale&quot;:false,&quot;newArrival&quot;:false,&quot;sponsored&quot;:false,&quot;includeContentTrackingInfo&quot;:true}">Add to Cart</button></div><span class="element-invisible" aria-live="assertive"></span></div></div><div class="product-grid-cell_bulk-buy-container overlay--closed" tabindex="-1" aria-hidden="true"><bulk-buy-scroller other-information="otherInformation" on-close="onCloseBMSMOverlay()" product="product" cart-log-location="cartLogLocation" options="options" product-id="product.prodId"><!----><div ng-class="{&#39;bulk-buy-scroller_container--vertical&#39;: $ctrl.options.bulkBuyVerticalStyle}" class="bulk-buy-scroller_container bulk-buy-scroller_container--vertical" ng-if="$ctrl.shouldShowBulkBuy()"><!----><div class="bulk-buy-scroller_header-container" ng-if="$ctrl.isSIMQ() || (!$ctrl.isSIMQ() &amp;&amp; $ctrl.isShelf()) "><!----><h4 id="bulk-buy-scroller_heading--158124" class="bulk-buy-scroller_heading text-center" ng-class="{
            &#39;bulk-buy-scroller_heading--reverse&#39;: $ctrl.options.bulkBuyReverseStyle,
            &#39;text-center&#39;: $ctrl.isShelf()
        }">Buy More Save More</h4><!----><button ng-if="($ctrl.options.bulkBuyReverseStyle || $ctrl.options.bulkBuyVerticalStyle)" ng-click="$ctrl.close()" ng-class="{
            &#39;bulk-buy-scroller_close-button--reverse&#39;: $ctrl.options.bulkBuyReverseStyle,
            &#39;bulk-buy-scroller_close-button--vertical&#39;: $ctrl.options.bulkBuyVerticalStyle,
            &#39;button--white-no-border&#39;: $ctrl.state.currentQuantity === 0,
            &#39;button--lightest-grey&#39;: $ctrl.state.currentQuantity &gt; 0
            }" class="button bulk-buy-scroller_close-button bulk-buy-scroller_close-button--vertical button--white-no-border" aria-label="Close Promotion Options" tabindex="0"><div class="vector-icon_outer-wrapper" svg-id="icon_close" svg-class="vector-icon-color--dark-grey" container-class="vector-icon-size--xxsmall" svg-title="Close Icon" svg-description="X Icon" svg-role="presentation" svg-aria-hidden="true"><div class="vector-icon_container vector-icon-size--xxsmall"><svg version="1.1" x="0px" y="0px" focusable="false" viewBox="0 0 1024 1024" class="vector-icon-color--dark-grey" role="presentation" aria-hidden="true"><title>Close Icon</title><desc>X Icon</desc><path d="M20.685 1003.315c27.546 27.546 72.397 27.546 99.942 0l391.373-391.373 391.373 391.373c27.546 27.546 72.397 27.546 99.942 0s27.546-72.397 0-99.942l-391.373-391.373 391.373-391.373c27.546-27.546 27.546-72.397 0-99.942s-72.397-27.546-99.942 0l-391.373 391.373-391.373-391.373c-27.546-27.546-72.397-27.546-99.942 0s-27.546 72.397 0 99.942l391.373 391.373-391.373 391.373c-27.597 27.546-27.597 72.397 0 99.942z" class="path1"></path></svg></div></div></button><!----></div><!----><!----><div class="bulk-buy-scroller_mix-match-container bulk-buy-scroller_mix-match-container--vertical" ng-if="!$ctrl.isSIMQ() &amp;&amp; $ctrl.isShelf()" ng-class="{
            &#39;bulk-buy-scroller_mix-match-container--reverse&#39;: $ctrl.options.bulkBuyReverseStyle,
            &#39;bulk-buy-scroller_mix-match-container--vertical&#39;: $ctrl.options.bulkBuyVerticalStyle,
            &#39;bulk-buy-scroller_mix-match-container--normal&#39;: $ctrl.options.bulkBuyNormalStyle
        }"><button class="button bulk-buy-scroller_mix-match-button" ng-click="$ctrl.openProductGroup()" tabindex="0"><span class="bulk-buy-scroller_button-headline">Buy 2 @ $3.00 ea</span> <span class="bulk-buy-scroller_button-cta">Mix &amp; Match Options </span></button></div><!----><!----><!----></div><!----></bulk-buy-scroller><div class="add-to-cart"><div class="add-to-cart_button"><button class="button button--add-to-cart" data-product-id="158124" data-price="4.29" data-cart-log-location="ORGANIC" data-persisted-quantity="0" data-other-information="{&quot;catPath&quot;:&quot;1,2543&quot;,&quot;sale&quot;:false,&quot;newArrival&quot;:false,&quot;sponsored&quot;:false,&quot;includeContentTrackingInfo&quot;:true}">Add to Cart</button></div><span class="element-invisible" aria-live="assertive"></span></div></div><div class="spyglass-container"></div></li><li role="region" tabindex="-1" aria-label="Clif Bar Nut Butter Filled Chocolate Peanut Butter Organic" class="product-cell product-grid-cell product-grid-cell--quad" data-id="40-&gt;221540" data-position="40"><div class="confirmation-wrapper confirmation-wrapper--hidden" id="confirmation-wrapper--221540"><div class="confirmation-whitewash"><div class="confirmation-dialog"><div class="confirmation-dialog_messages" tabindex="0"><h4 class="confirmation-dialog_message-headline">Remove This Item From Your Cart?</h4></div><div class="confirmation-dialog_action-container"><div class="confirmation-dialog_confirmation-button"><button class="button button--fourth" tabindex="0" data-product-id="221540" data-cart-log-location="ORGANIC" data-persisted-quantity="undefined" data-price="1.99">OK</button></div><div class="confirmation-dialog_cancel-button"><button class="button button--fourth" tabindex="0" data-product-id="221540">Cancel</button></div></div></div></div></div><div class="confirmation-wrapper" style="display: none;"><div class="confirmation-whitewash"></div></div><img src="./Snacks_Candy_Organic_files/CSPNA.jpg" alt="Clif Bar Nut Butter Filled Chocolate Peanut Butter Organic" class="product-grid-cell_main-image" data-block-spinner="true" data-product-id="221540"><div class="product-grid-cell_price-tag"><div class="product-grid-cell_name" role="link" tabindex="0" data-block-spinner="true" data-product-id="221540"><h3 class="product-grid-cell_name-text select-text">Clif Bar Nut Butter Filled Chocolate Peanut Butter Organic</h3></div><div class="product-grid-cell_price-container" role="link" data-block-spinner="true" data-product-id="221540"><div class="product-grid-cell_regular-price-container"><span class="product-grid-cell_was" aria-hidden="true"></span><span class="product-grid-cell_regular-price"></span></div><span class="product-grid-cell_main-price select-text">$1.99</span><span class="product-grid-cell_hidden-price"></span></div><span class="product-grid-cell_size select-text" role="link" data-block-spinner="true" data-product-id="221540">1.76 oz bar</span><span data-block-spinner="true" data-product-id="221540"><span class="product-grid-cell_unit select-text"> | $1.13 / oz</span></span><div class="buy-more-save-more_cta-grid-container"></div><div class="add-to-cart"><div class="add-to-cart_button"><button class="button button--add-to-cart" data-product-id="221540" data-price="1.99" data-cart-log-location="ORGANIC" data-persisted-quantity="0" data-other-information="{&quot;catPath&quot;:&quot;1,2543&quot;,&quot;sale&quot;:false,&quot;newArrival&quot;:false,&quot;sponsored&quot;:false,&quot;includeContentTrackingInfo&quot;:true}">Add to Cart</button></div><span class="element-invisible" aria-live="assertive"></span></div></div><div class="spyglass-container"></div></li><li><div collection-interweave-item="interwovenContent"><div generic-content-interweave-datasource="" data="interwovenContent.content.content" region="browse_aisles_shelf_content" class=""><div generic-content-region="" region="browse_aisles_shelf_content" interwoven="true"><div><div ng-class="methods.classForRegionSize(regionSize, ! content.model.contentData[ interwovenContent.content.region ], methods.contentLayouts(content.model.contentData[ interwovenContent.content.region ], regionSize).layout.length )" width-variable="regionSize" width-values="widthBreakpoints.defaultBreakpoints" class="generic-content_region-contents--medium"><!----><div ng-class="methods.classForContentItem(contentItem, $last, $first)" ng-repeat="contentItem in methods.contentLayouts(content.model.contentData[ interwovenContent.content.region ], regionSize).layout" class="generic-content_content-item--half-width generic-content_content-item--alpha"><div class="generic-content_renderer" generic-content-renderer="contentItem"><div class="generic-content_renderer-contents" ng-class="{&#39;generic-content_renderer-contents--loading&#39; : state.preloading}" style=""><div ng-switch="" on="contentItem.model[contentItem.renderSize].button.type" ng-class="{ &#39;interweaved-content_trailer interweaved-content_leader&#39;: interwoven }" content-interaction-tracker="" content-module-id="contentItem.data.key" class="interweaved-content_trailer interweaved-content_leader"><!----> <!----><a class="content-tile_container" content-compile="" ng-switch-when="external" href="http://peapod.extole.com/micro/microsite?e=&amp;f=&amp;l=" target="_blank"><div class="content-tile_image-container"><img class="content-tile_image" generic-content-image-preload="" img-id="2213280:ONM1O.jpg" alt="grill " src="./Snacks_Candy_Organic_files/ONM1O.jpg"></div><div class="content-tile_copy-container select-text"><div class="content-tile_button"><span class="content-tile_headline" content-compile="contentItem.model[contentItem.renderSize].headline" compile-vars=""><span>Give $50, Get $25</span></span> <span class="content-tile_body" content-compile="contentItem.model[contentItem.renderSize].body" compile-vars=""><span>Refer-A-Friend</span></span> <span class="vector-icon_list-arrow-wrapper"><div class="vector-icon_outer-wrapper" svg-id="arrow_carrot-right" svg-class="vector-icon-color--dark-grey" container-class="vector-icon-size--arrow" svg-title="Arrow Icon" svg-description="Icon of arrow" svg-role="presentation" svg-aria-hidden="true"><div class="vector-icon_container vector-icon-size--arrow"><svg version="1.1" x="0px" y="0px" focusable="false" viewBox="0 0 580 1024" class="vector-icon-color--dark-grey" role="presentation" aria-hidden="true"><title>Arrow Icon</title><desc>Icon of arrow</desc><path d="M20.033 1003.967c26.665 26.665 70.012 26.665 96.677 0l443.458-443.458c13.401-13.401 20.101-31.041 19.964-48.544 0-17.64-6.564-35.143-19.964-48.544l-443.458-443.389c-26.665-26.665-70.012-26.665-96.677 0s-26.665 70.012 0 96.677l395.324 395.324-395.324 395.324c-26.665 26.665-26.665 70.012-0 96.609z" class="path1"></path></svg></div></div></span></div></div></a><!----> <!----> <!----><!----></div></div><div class="generic-content_renderer-animation-container animation-fade ng-hide" ng-hide="!state.preloading" style=""><div width-variable="contentSize" width-observer="contentMethods.contentWidthObserver" width-values="widthBreakpoints.defaultBreakpoints" class="generic-content_renderer-animation generic-content_placeholder--light-grey generic-content_placeholder content-tile_placeholder generic-content_placeholder--light-grey--xsmall generic-content_placeholder--xsmall content-tile_placeholder--xsmall"></div></div></div></div><!----><div ng-class="methods.classForContentItem(contentItem, $last, $first)" ng-repeat="contentItem in methods.contentLayouts(content.model.contentData[ interwovenContent.content.region ], regionSize).layout" class="generic-content_content-item--half-width generic-content_content-item--omega"><div class="generic-content_renderer" generic-content-renderer="contentItem"><div class="generic-content_renderer-contents" ng-class="{&#39;generic-content_renderer-contents--loading&#39; : state.preloading}" style=""><div ng-switch="" on="contentItem.model[contentItem.renderSize].button.type" ng-class="{ &#39;interweaved-content_trailer interweaved-content_leader&#39;: interwoven }" content-interaction-tracker="" content-module-id="contentItem.data.key" class="interweaved-content_trailer interweaved-content_leader"><!----><a class="content-tile_container" content-compile="" ng-switch-when="internal" ng-click="go(compileVars(contentItem.model[contentItem.renderSize].button.link), contentItem.data.key)" is-route-change="true" href="https://www.peapod.com/" loading="true" block="true" tabindex="0"><div class="content-tile_image-container"><img class="content-tile_image" generic-content-image-preload="" img-id="2581086:P7SWM.jpg" alt="Image of picnic by the beach" src="./Snacks_Candy_Organic_files/P7SWM.jpg"></div><div class="content-tile_copy-container select-text"><div class="content-tile_button"><span class="content-tile_headline" content-compile="contentItem.model[contentItem.renderSize].headline" compile-vars=""><span>Take Peapod on vacation</span></span> <span class="content-tile_body" content-compile="contentItem.model[contentItem.renderSize].body" compile-vars=""><span>convenient delivery &amp; pick-up options</span></span> <span class="vector-icon_list-arrow-wrapper"><div class="vector-icon_outer-wrapper" svg-id="arrow_carrot-right" svg-class="vector-icon-color--dark-grey" container-class="vector-icon-size--arrow" svg-title="Arrow Icon" svg-description="Icon of arrow" svg-role="presentation" svg-aria-hidden="true"><div class="vector-icon_container vector-icon-size--arrow"><svg version="1.1" x="0px" y="0px" focusable="false" viewBox="0 0 580 1024" class="vector-icon-color--dark-grey" role="presentation" aria-hidden="true"><title>Arrow Icon</title><desc>Icon of arrow</desc><path d="M20.033 1003.967c26.665 26.665 70.012 26.665 96.677 0l443.458-443.458c13.401-13.401 20.101-31.041 19.964-48.544 0-17.64-6.564-35.143-19.964-48.544l-443.458-443.389c-26.665-26.665-70.012-26.665-96.677 0s-26.665 70.012 0 96.677l395.324 395.324-395.324 395.324c-26.665 26.665-26.665 70.012-0 96.609z" class="path1"></path></svg></div></div></span></div></div></a><!----> <!----> <!----> <!----><!----></div></div><div class="generic-content_renderer-animation-container animation-fade ng-hide" ng-hide="!state.preloading" style=""><div width-variable="contentSize" width-observer="contentMethods.contentWidthObserver" width-values="widthBreakpoints.defaultBreakpoints" class="generic-content_renderer-animation generic-content_placeholder--light-grey generic-content_placeholder content-tile_placeholder generic-content_placeholder--light-grey--xsmall generic-content_placeholder--xsmall content-tile_placeholder--xsmall"></div></div></div></div><!----></div></div></div></div></div></li><li role="region" tabindex="-1" aria-label="Nature&#39;s Promise Organics Popcorn Lightly Salted" class="product-cell product-grid-cell product-grid-cell--quad" data-id="42-&gt;200900" data-position="41"><div class="confirmation-wrapper confirmation-wrapper--hidden" id="confirmation-wrapper--200900"><div class="confirmation-whitewash"><div class="confirmation-dialog"><div class="confirmation-dialog_messages" tabindex="0"><h4 class="confirmation-dialog_message-headline">Remove This Item From Your Cart?</h4></div><div class="confirmation-dialog_action-container"><div class="confirmation-dialog_confirmation-button"><button class="button button--fourth" tabindex="0" data-product-id="200900" data-cart-log-location="ORGANIC" data-persisted-quantity="undefined" data-price="3.19">OK</button></div><div class="confirmation-dialog_cancel-button"><button class="button button--fourth" tabindex="0" data-product-id="200900">Cancel</button></div></div></div></div></div><div class="confirmation-wrapper" style="display: none;"><div class="confirmation-whitewash"></div></div><img src="./Snacks_Candy_Organic_files/4ARYW.jpg" alt="Nature&#39;s Promise Organics Popcorn Lightly Salted" class="product-grid-cell_main-image" data-block-spinner="true" data-product-id="200900"><div class="product-grid-cell_price-tag"><div class="product-grid-cell_name" role="link" tabindex="0" data-block-spinner="true" data-product-id="200900"><h3 class="product-grid-cell_name-text select-text"><span class="vector-icon_inline-text--left"><div class="vector-icon_outer-wrapper"><div class="vector-icon_container vector-icon-size--xsmall"><svg version="1.1" x="0px" y="0px" focusable="false" viewBox="0 0 945 1024" class="" role="presentation" aria-hidden="true"><title>Ahold Wedge Icon</title><desc>Ahold Icon</desc><path d="M1.893 730.617c-1.289-2.094-2.052-4.631-2.052-7.346 0-0.747 0.058-1.481 0.169-2.197 0.158-12.396 10.227-22.466 22.687-22.634l895.306-0c12.476 0.168 22.545 10.237 22.713 22.698-0.521 3.721-1.182 6.924-2.024 10.053l0.131-0.574c-86.363 175.072-263.598 293.385-468.466 293.385s-382.103-118.313-467.105-290.339l-1.361-3.046z" class="path1" fill="rgb(247, 168, 0)"></path><path d="M107.889 132.495c1.893-1.893 1.893-3.786 3.786-5.678 2.98-3.491 7.385-5.69 12.303-5.69s9.323 2.199 12.284 5.668l0.019 0.022 476.983 476.983c3.491 2.98 5.69 7.385 5.69 12.303s-2.199 9.323-5.668 12.284c-1.399 1.869-3.361 3.216-5.631 3.789l-0.069 0.015c-38.446 13.732-82.796 21.669-129.001 21.669-108.416 0-206.626-43.699-277.977-114.443-70.367-71.826-113.809-170.317-113.809-278.955 0-45.803 7.722-89.803 21.936-130.767l-0.845 2.8z" class="path2" fill="rgb(226, 35, 26)"></path><path d="M600.015 1.893c1.247-1.204 2.948-1.946 4.822-1.946 0.302 0 0.6 0.019 0.891 0.057 0.057-0.006 0.164-0.007 0.272-0.007 7.15 0 12.947 5.796 12.947 12.947 0 0.108-0.001 0.215-0.004 0.322l0-0.016v503.482c0.002 0.091 0.004 0.199 0.004 0.306 0 7.15-5.796 12.947-12.947 12.947-0.108 0-0.215-0.001-0.322-0.004-0.241 0.034-0.539 0.053-0.841 0.053-1.874 0-3.574-0.742-4.824-1.948l0.002 0.002c-98.273-48.542-164.673-148.065-164.673-263.098s66.401-214.556 162.964-262.333l1.709-0.765z" class="path3" fill="rgb(113, 33, 119)"></path><path d="M938.824 283.919c1.893 0 1.893 1.893 3.786 1.893 1.765 2.012 2.841 4.666 2.841 7.571s-1.077 5.559-2.853 7.584l0.011-0.013-268.776 266.884c-2.012 1.765-4.666 2.841-7.571 2.841s-5.559-1.077-7.584-2.853c-1.144-0.651-1.911-1.879-1.911-3.285 0-0.172 0.012-0.342 0.034-0.508l-0.002 0.019c-7.681-21.529-12.12-46.363-12.12-72.235 0-61.263 24.891-116.712 65.111-156.786 39.326-39.792 93.895-64.431 154.219-64.431 26.857 0 52.573 4.884 76.309 13.812l-1.494-0.493z" class="path4" fill="rgb(130, 188, 0)"></path></svg></div></div></span>Nature's Promise Organics Popcorn Lightly Salted</h3></div><div class="product-grid-cell_price-container" role="link" data-block-spinner="true" data-product-id="200900"><div class="product-grid-cell_regular-price-container"><span class="product-grid-cell_was" aria-hidden="true"></span><span class="product-grid-cell_regular-price"></span></div><span class="product-grid-cell_main-price select-text">$3.19</span><span class="product-grid-cell_hidden-price"></span></div><span class="product-grid-cell_size select-text" role="link" data-block-spinner="true" data-product-id="200900">6 oz bag</span><span data-block-spinner="true" data-product-id="200900"><span class="product-grid-cell_unit select-text"> | $0.53 / oz</span></span><div class="buy-more-save-more_cta-grid-container"></div><div class="add-to-cart"><div class="add-to-cart_button"><button class="button button--add-to-cart" data-product-id="200900" data-price="3.19" data-cart-log-location="ORGANIC" data-persisted-quantity="0" data-other-information="{&quot;catPath&quot;:&quot;1,2543&quot;,&quot;sale&quot;:false,&quot;newArrival&quot;:false,&quot;sponsored&quot;:false,&quot;includeContentTrackingInfo&quot;:true}">Add to Cart</button></div><span class="element-invisible" aria-live="assertive"></span></div></div><div class="spyglass-container"></div></li><li role="region" tabindex="-1" aria-label="Late July Tortilla Chips Multigrain Sea Salt Gluten Free Organic" class="product-cell product-grid-cell product-grid-cell--quad" data-id="43-&gt;181834" data-position="42"><div class="confirmation-wrapper confirmation-wrapper--hidden" id="confirmation-wrapper--181834"><div class="confirmation-whitewash"><div class="confirmation-dialog"><div class="confirmation-dialog_messages" tabindex="0"><h4 class="confirmation-dialog_message-headline">Remove This Item From Your Cart?</h4></div><div class="confirmation-dialog_action-container"><div class="confirmation-dialog_confirmation-button"><button class="button button--fourth" tabindex="0" data-product-id="181834" data-cart-log-location="ORGANIC" data-persisted-quantity="undefined" data-price="3.69">OK</button></div><div class="confirmation-dialog_cancel-button"><button class="button button--fourth" tabindex="0" data-product-id="181834">Cancel</button></div></div></div></div></div><div class="confirmation-wrapper" style="display: none;"><div class="confirmation-whitewash"></div></div><img src="./Snacks_Candy_Organic_files/U5QAB.jpg" alt="Late July Tortilla Chips Multigrain Sea Salt Gluten Free Organic" class="product-grid-cell_main-image" data-block-spinner="true" data-product-id="181834"><div class="product-grid-cell_price-tag"><div class="product-grid-cell_name" role="link" tabindex="0" data-block-spinner="true" data-product-id="181834"><h3 class="product-grid-cell_name-text select-text">Late July Tortilla Chips Multigrain Sea Salt Gluten Free Organic</h3></div><div class="product-grid-cell_price-container" role="link" data-block-spinner="true" data-product-id="181834"><div class="product-grid-cell_regular-price-container"><span class="product-grid-cell_was" aria-hidden="true"></span><span class="product-grid-cell_regular-price"></span></div><span class="product-grid-cell_main-price select-text">$3.69</span><span class="product-grid-cell_hidden-price"></span></div><span class="product-grid-cell_size select-text" role="link" data-block-spinner="true" data-product-id="181834">6 oz bag</span><span data-block-spinner="true" data-product-id="181834"><span class="product-grid-cell_unit select-text"> | $0.62 / oz</span></span><div class="buy-more-save-more_cta-grid-container"></div><div class="add-to-cart"><div class="add-to-cart_button"><button class="button button--add-to-cart" data-product-id="181834" data-price="3.69" data-cart-log-location="ORGANIC" data-persisted-quantity="0" data-other-information="{&quot;catPath&quot;:&quot;1,2543&quot;,&quot;sale&quot;:false,&quot;newArrival&quot;:false,&quot;sponsored&quot;:false,&quot;includeContentTrackingInfo&quot;:true}">Add to Cart</button></div><span class="element-invisible" aria-live="assertive"></span></div></div><div class="spyglass-container"></div></li><li role="region" tabindex="-1" aria-label="Nature&#39;s Promise Organic Hummus Roasted Garlic" class="product-cell product-grid-cell product-grid-cell--quad" data-id="44-&gt;217467" data-position="43"><div class="confirmation-wrapper confirmation-wrapper--hidden" id="confirmation-wrapper--217467"><div class="confirmation-whitewash"><div class="confirmation-dialog"><div class="confirmation-dialog_messages" tabindex="0"><h4 class="confirmation-dialog_message-headline">Remove This Item From Your Cart?</h4></div><div class="confirmation-dialog_action-container"><div class="confirmation-dialog_confirmation-button"><button class="button button--fourth" tabindex="0" data-product-id="217467" data-cart-log-location="ORGANIC" data-persisted-quantity="undefined" data-price="3.69">OK</button></div><div class="confirmation-dialog_cancel-button"><button class="button button--fourth" tabindex="0" data-product-id="217467">Cancel</button></div></div></div></div></div><div class="confirmation-wrapper" style="display: none;"><div class="confirmation-whitewash"></div></div><img src="./Snacks_Candy_Organic_files/7Z4C8.jpg" alt="Nature&#39;s Promise Organic Hummus Roasted Garlic" class="product-grid-cell_main-image" data-block-spinner="true" data-product-id="217467"><div class="product-grid-cell_price-tag"><div class="product-grid-cell_name" role="link" tabindex="0" data-block-spinner="true" data-product-id="217467"><h3 class="product-grid-cell_name-text select-text"><span class="vector-icon_inline-text--left"><div class="vector-icon_outer-wrapper"><div class="vector-icon_container vector-icon-size--xsmall"><svg version="1.1" x="0px" y="0px" focusable="false" viewBox="0 0 945 1024" class="" role="presentation" aria-hidden="true"><title>Ahold Wedge Icon</title><desc>Ahold Icon</desc><path d="M1.893 730.617c-1.289-2.094-2.052-4.631-2.052-7.346 0-0.747 0.058-1.481 0.169-2.197 0.158-12.396 10.227-22.466 22.687-22.634l895.306-0c12.476 0.168 22.545 10.237 22.713 22.698-0.521 3.721-1.182 6.924-2.024 10.053l0.131-0.574c-86.363 175.072-263.598 293.385-468.466 293.385s-382.103-118.313-467.105-290.339l-1.361-3.046z" class="path1" fill="rgb(247, 168, 0)"></path><path d="M107.889 132.495c1.893-1.893 1.893-3.786 3.786-5.678 2.98-3.491 7.385-5.69 12.303-5.69s9.323 2.199 12.284 5.668l0.019 0.022 476.983 476.983c3.491 2.98 5.69 7.385 5.69 12.303s-2.199 9.323-5.668 12.284c-1.399 1.869-3.361 3.216-5.631 3.789l-0.069 0.015c-38.446 13.732-82.796 21.669-129.001 21.669-108.416 0-206.626-43.699-277.977-114.443-70.367-71.826-113.809-170.317-113.809-278.955 0-45.803 7.722-89.803 21.936-130.767l-0.845 2.8z" class="path2" fill="rgb(226, 35, 26)"></path><path d="M600.015 1.893c1.247-1.204 2.948-1.946 4.822-1.946 0.302 0 0.6 0.019 0.891 0.057 0.057-0.006 0.164-0.007 0.272-0.007 7.15 0 12.947 5.796 12.947 12.947 0 0.108-0.001 0.215-0.004 0.322l0-0.016v503.482c0.002 0.091 0.004 0.199 0.004 0.306 0 7.15-5.796 12.947-12.947 12.947-0.108 0-0.215-0.001-0.322-0.004-0.241 0.034-0.539 0.053-0.841 0.053-1.874 0-3.574-0.742-4.824-1.948l0.002 0.002c-98.273-48.542-164.673-148.065-164.673-263.098s66.401-214.556 162.964-262.333l1.709-0.765z" class="path3" fill="rgb(113, 33, 119)"></path><path d="M938.824 283.919c1.893 0 1.893 1.893 3.786 1.893 1.765 2.012 2.841 4.666 2.841 7.571s-1.077 5.559-2.853 7.584l0.011-0.013-268.776 266.884c-2.012 1.765-4.666 2.841-7.571 2.841s-5.559-1.077-7.584-2.853c-1.144-0.651-1.911-1.879-1.911-3.285 0-0.172 0.012-0.342 0.034-0.508l-0.002 0.019c-7.681-21.529-12.12-46.363-12.12-72.235 0-61.263 24.891-116.712 65.111-156.786 39.326-39.792 93.895-64.431 154.219-64.431 26.857 0 52.573 4.884 76.309 13.812l-1.494-0.493z" class="path4" fill="rgb(130, 188, 0)"></path></svg></div></div></span>Nature's Promise Organic Hummus Roasted Garlic</h3></div><div class="product-grid-cell_price-container" role="link" data-block-spinner="true" data-product-id="217467"><div class="product-grid-cell_regular-price-container"><span class="product-grid-cell_was" aria-hidden="true"></span><span class="product-grid-cell_regular-price"></span></div><span class="product-grid-cell_main-price select-text">$3.69</span><span class="product-grid-cell_hidden-price"></span></div><span class="product-grid-cell_size select-text" role="link" data-block-spinner="true" data-product-id="217467">8 oz tub</span><span data-block-spinner="true" data-product-id="217467"><span class="product-grid-cell_unit select-text"> | $0.46 / oz</span></span><div class="buy-more-save-more_cta-grid-container"></div><div class="add-to-cart"><div class="add-to-cart_button"><button class="button button--add-to-cart" data-product-id="217467" data-price="3.69" data-cart-log-location="ORGANIC" data-persisted-quantity="0" data-other-information="{&quot;catPath&quot;:&quot;1,2543&quot;,&quot;sale&quot;:false,&quot;newArrival&quot;:false,&quot;sponsored&quot;:false,&quot;includeContentTrackingInfo&quot;:true}">Add to Cart</button></div><span class="element-invisible" aria-live="assertive"></span></div></div><div class="spyglass-container"></div></li><li role="region" tabindex="-1" aria-label="Annie&#39;s Homegrown Baked Snack Crackers Cheddar Bunnies Organic - 12 ct" class="product-cell product-grid-cell product-grid-cell--quad" data-id="45-&gt;224969" data-position="44"><div class="confirmation-wrapper confirmation-wrapper--hidden" id="confirmation-wrapper--224969"><div class="confirmation-whitewash"><div class="confirmation-dialog"><div class="confirmation-dialog_messages" tabindex="0"><h4 class="confirmation-dialog_message-headline">Remove This Item From Your Cart?</h4></div><div class="confirmation-dialog_action-container"><div class="confirmation-dialog_confirmation-button"><button class="button button--fourth" tabindex="0" data-product-id="224969" data-cart-log-location="ORGANIC" data-persisted-quantity="undefined" data-price="5.79">OK</button></div><div class="confirmation-dialog_cancel-button"><button class="button button--fourth" tabindex="0" data-product-id="224969">Cancel</button></div></div></div></div></div><div class="confirmation-wrapper" style="display: none;"><div class="confirmation-whitewash"></div></div><img src="./Snacks_Candy_Organic_files/78ME8.jpg" alt="Annie&#39;s Homegrown Baked Snack Crackers Cheddar Bunnies Organic - 12 ct" class="product-grid-cell_main-image" data-block-spinner="true" data-product-id="224969"><div class="product-grid-cell_price-tag"><div class="product-grid-cell_name" role="link" tabindex="0" data-block-spinner="true" data-product-id="224969"><h3 class="product-grid-cell_name-text select-text">Annie's Homegrown Baked Snack Crackers Cheddar Bunnies Organic - 12 ct</h3></div><div class="product-grid-cell_price-container" role="link" data-block-spinner="true" data-product-id="224969"><div class="product-grid-cell_regular-price-container"><span class="product-grid-cell_was" aria-hidden="true"></span><span class="product-grid-cell_regular-price"></span></div><span class="product-grid-cell_main-price select-text">$5.79</span><span class="product-grid-cell_hidden-price"></span></div><span class="product-grid-cell_size select-text" role="link" data-block-spinner="true" data-product-id="224969">12 oz box</span><span data-block-spinner="true" data-product-id="224969"><span class="product-grid-cell_unit select-text"> | $0.48 / oz</span></span><div class="buy-more-save-more_cta-grid-container"></div><div class="add-to-cart"><div class="add-to-cart_button"><button class="button button--add-to-cart" data-product-id="224969" data-price="5.79" data-cart-log-location="ORGANIC" data-persisted-quantity="0" data-other-information="{&quot;catPath&quot;:&quot;1,2543&quot;,&quot;sale&quot;:false,&quot;newArrival&quot;:false,&quot;sponsored&quot;:false,&quot;includeContentTrackingInfo&quot;:true}">Add to Cart</button></div><span class="element-invisible" aria-live="assertive"></span></div></div><div class="spyglass-container"></div></li><li role="region" tabindex="-1" aria-label="Clif Kid ZBaR Energy Snacks Iced Oatmeal Cookie Organic - 6 ct" class="product-cell product-grid-cell product-grid-cell--quad" data-id="46-&gt;184396" data-position="45"><div class="confirmation-wrapper confirmation-wrapper--hidden" id="confirmation-wrapper--184396"><div class="confirmation-whitewash"><div class="confirmation-dialog"><div class="confirmation-dialog_messages" tabindex="0"><h4 class="confirmation-dialog_message-headline">Remove This Item From Your Cart?</h4></div><div class="confirmation-dialog_action-container"><div class="confirmation-dialog_confirmation-button"><button class="button button--fourth" tabindex="0" data-product-id="184396" data-cart-log-location="ORGANIC" data-persisted-quantity="undefined" data-price="4.59">OK</button></div><div class="confirmation-dialog_cancel-button"><button class="button button--fourth" tabindex="0" data-product-id="184396">Cancel</button></div></div></div></div></div><div class="confirmation-wrapper" style="display: none;"><div class="confirmation-whitewash"></div></div><img src="./Snacks_Candy_Organic_files/CDV8I.jpg" alt="Clif Kid ZBaR Energy Snacks Iced Oatmeal Cookie Organic - 6 ct" class="product-grid-cell_main-image" data-block-spinner="true" data-product-id="184396"><div class="product-grid-cell_price-tag"><div class="product-grid-cell_name" role="link" tabindex="0" data-block-spinner="true" data-product-id="184396"><h3 class="product-grid-cell_name-text select-text">Clif Kid ZBaR Energy Snacks Iced Oatmeal Cookie Organic - 6 ct</h3></div><div class="product-grid-cell_price-container" role="link" data-block-spinner="true" data-product-id="184396"><div class="product-grid-cell_regular-price-container"><span class="product-grid-cell_was" aria-hidden="true"></span><span class="product-grid-cell_regular-price"></span></div><span class="product-grid-cell_main-price select-text">$4.59</span><span class="product-grid-cell_hidden-price"></span></div><span class="product-grid-cell_size select-text" role="link" data-block-spinner="true" data-product-id="184396">7.62 oz box</span><span data-block-spinner="true" data-product-id="184396"><span class="product-grid-cell_unit select-text"> | $0.60 / oz</span></span><div class="buy-more-save-more_cta-grid-container"></div><div class="add-to-cart"><div class="add-to-cart_button"><button class="button button--add-to-cart" data-product-id="184396" data-price="4.59" data-cart-log-location="ORGANIC" data-persisted-quantity="0" data-other-information="{&quot;catPath&quot;:&quot;1,2543&quot;,&quot;sale&quot;:false,&quot;newArrival&quot;:false,&quot;sponsored&quot;:false,&quot;includeContentTrackingInfo&quot;:true}">Add to Cart</button></div><span class="element-invisible" aria-live="assertive"></span></div></div><div class="spyglass-container"></div></li><li role="region" tabindex="-1" aria-label="Tostitos Simply Natural Tortilla Chips Blue Corn Organic Non-GMO" class="product-cell product-grid-cell product-grid-cell--quad" data-id="47-&gt;132743" data-position="46"><div class="confirmation-wrapper confirmation-wrapper--hidden" id="confirmation-wrapper--132743"><div class="confirmation-whitewash"><div class="confirmation-dialog"><div class="confirmation-dialog_messages" tabindex="0"><h4 class="confirmation-dialog_message-headline">Remove This Item From Your Cart?</h4></div><div class="confirmation-dialog_action-container"><div class="confirmation-dialog_confirmation-button"><button class="button button--fourth" tabindex="0" data-product-id="132743" data-cart-log-location="ORGANIC" data-persisted-quantity="undefined" data-price="3.99">OK</button></div><div class="confirmation-dialog_cancel-button"><button class="button button--fourth" tabindex="0" data-product-id="132743">Cancel</button></div></div></div></div></div><div class="confirmation-wrapper" style="display: none;"><div class="confirmation-whitewash"></div></div><div class="vector-icon_absolute--left vector-icon_absolute--top buy-more-save-more_sticker-outer-container" aria-label="buy more save more" tabindex="0" role="link" data-pod-group="1184843" data-block-spinner="true"><span class="vector-icon_inline-text--left buy-more-save-more_link buy-more-save-more_view-deal-sticker"><div class="vector-icon_outer-wrapper"><div class="vector-icon_container vector-icon-size--xxlarge"><svg version="1.1" x="0px" y="0px" focusable="false" viewBox="0 0 1022 1024" class="vector-icon-color--bmsm" role="presentation" aria-hidden="true"><title>view deal icon</title><desc>vew deal icon</desc><path d="M882.478 520.133c0 179.904-164.594 325.744-367.631 325.744s-367.631-145.841-367.631-325.744c0-179.904 164.594-325.744 367.631-325.744s367.631 145.841 367.631 325.744z" class="path1" fill="rgb(255, 255, 255)"></path><path d="M1004.073 382.272c-40.667-15.047-79.708-29.687-119.968-44.734 14.64-40.667 28.467-80.114 43.107-122.002-44.734 0-86.621 0.407-130.135 0.407-1.627-43.514-2.847-84.994-4.473-129.728-41.074 14.64-80.114 28.874-121.188 43.514-16.674-37.414-33.347-74.421-50.834-113.461-33.347 28.060-64.661 54.901-96.788 82.148-30.094-29.28-59.374-58.154-89.468-87.841-19.52 38.634-37.82 74.421-56.934 111.835-39.041-17.080-76.454-33.754-115.902-51.241-4.88 44.734-9.76 87.028-14.234 129.728-42.701-2.847-83.774-5.287-127.695-7.727 12.2 42.294 23.18 82.554 34.974 124.035-40.667 13.827-79.301 27.247-120.375 41.074 25.62 34.974 50.427 68.321 75.641 102.888-33.347 28.060-65.881 55.307-100.041 83.774 37.82 22.774 73.608 43.921 108.988 65.068-20.334 37.82-40.261 74.421-61.001 112.241 42.701 8.947 84.994 17.894 128.102 26.84-7.32 42.701-14.234 82.554-21.147 124.442 45.141-7.32 85.808-14.234 128.508-21.147 8.947 42.294 17.080 82.148 25.62 124.442 38.634-23.994 74.828-46.767 111.835-69.541 24.807 36.6 47.987 71.168 72.794 107.768 25.62-34.974 50.021-67.914 75.234-101.668 36.194 23.587 70.761 46.361 107.768 70.761 11.387-41.887 22.367-82.148 32.94-122.408 43.921 10.98 84.994 21.147 129.322 32.127-4.473-44.734-8.54-85.808-12.607-128.508 41.074-5.693 81.741-10.98 124.848-17.080-16.267-33.754-30.094-65.474-46.361-95.568-9.353-17.487-8.54-26.84 11.387-35.787 30.094-13.42 58.561-30.5 89.061-46.767-31.72-31.314-61.814-60.187-92.315-90.281 27.247-32.94 53.274-64.254 81.334-97.601z" class="path2" fill="rgb(0, 0, 0)"></path><path d="M286.704 537.214l-85.808-114.275 30.907-8.54 63.441 88.248 7.727-108.581 30.907-8.54-13.014 142.335-34.16 9.353z" class="path3" fill="rgb(255, 255, 255)"></path><path d="M396.912 506.307l-36.194-128.102 27.247-7.727 36.194 128.102-27.247 7.727z" class="path4" fill="rgb(255, 255, 255)"></path><path d="M464.013 487.193l-36.194-128.102 90.688-25.62 6.913 23.994-63.441 17.894 7.727 26.84 62.221-17.487 6.913 23.994-62.221 17.487 8.133 29.28 63.441-17.894 6.913 23.994-91.095 25.62z" class="path5" fill="rgb(255, 255, 255)"></path><path d="M688.496 423.752l-47.174-81.741 2.44 94.348-28.874 8.133-72.794-117.935 30.5-8.54 48.801 86.214-2.033-99.228 21.147-6.1 50.427 85.808-3.66-99.228 30.5-8.54-0.407 138.675-28.874 8.133z" class="path6" fill="rgb(255, 255, 255)"></path><path d="M297.684 713.709l-36.194-128.102 50.427-14.234c40.261-11.387 75.234 6.507 86.214 44.734 10.98 39.041-9.76 71.981-49.614 83.368l-50.834 14.234zM370.478 623.835c-6.507-22.367-25.214-36.194-51.241-28.874l-23.587 6.507 22.774 80.114 23.18-6.507c25.214-6.507 34.974-29.28 28.874-51.241z" class="path7" fill="rgb(255, 255, 255)"></path><path d="M450.186 670.602l-36.194-128.102 90.688-25.62 6.913 23.994-63.441 17.894 7.727 26.84 62.221-17.487 6.913 23.994-62.221 17.487 8.133 29.28 63.441-17.894 6.913 23.994-91.095 25.62z" class="path8" fill="rgb(255, 255, 255)"></path><path d="M665.315 610.008l-14.234-19.52-54.901 15.454-2.033 23.994-30.907 8.54 13.014-142.335 34.16-9.76 85.808 114.275-30.907 9.353zM601.468 518.913l-4.473 61.001 39.854-11.387-35.38-49.614z" class="path9" fill="rgb(255, 255, 255)"></path><path d="M721.843 594.148l-36.194-128.102 27.654-7.727 29.28 104.108 54.087-15.454 6.913 23.994-81.741 23.18z" class="path10" fill="rgb(255, 255, 255)"></path></svg></div></div><span class="element-invisible">View items in deal</span></span></div><img src="./Snacks_Candy_Organic_files/K1L8H.jpg" alt="Tostitos Simply Natural Tortilla Chips Blue Corn Organic Non-GMO" class="product-grid-cell_main-image" data-block-spinner="true" data-product-id="132743"><div class="product-grid-cell_price-tag overlay--open" tabindex="0" aria-hidden="false"><div class="product-grid-cell_name" role="link" tabindex="0" data-block-spinner="true" data-product-id="132743"><h3 class="product-grid-cell_name-text select-text">Tostitos Simply Natural Tortilla Chips Blue Corn Organic Non-GMO</h3></div><div class="product-grid-cell_price-container" role="link" data-block-spinner="true" data-product-id="132743"><div class="product-grid-cell_regular-price-container"><span class="product-grid-cell_was" aria-hidden="true"></span><span class="product-grid-cell_regular-price"></span></div><span class="product-grid-cell_main-price select-text">$3.99</span><span class="product-grid-cell_hidden-price"></span></div><span class="product-grid-cell_size select-text" role="link" data-block-spinner="true" data-product-id="132743">8.25 oz bag</span><span data-block-spinner="true" data-product-id="132743"><span class="product-grid-cell_unit select-text"> | $0.48 / oz</span></span><div class="buy-more-save-more_cta-grid-container" aria-label="Buy 4, Save 30%" tabindex="0" role="link" data-pod-group="1184843" data-block-spinner="true"><span class="buy-more-save-more_cta buy-more-save-more_link">Buy 4, Save 30%<span aria-hidden="true"></span></span></div><div class="add-to-cart"><div class="add-to-cart_button"><button class="button button--add-to-cart" data-product-id="132743" data-price="3.99" data-cart-log-location="ORGANIC" data-persisted-quantity="0" data-other-information="{&quot;catPath&quot;:&quot;1,2543&quot;,&quot;sale&quot;:false,&quot;newArrival&quot;:false,&quot;sponsored&quot;:false,&quot;includeContentTrackingInfo&quot;:true}">Add to Cart</button></div><span class="element-invisible" aria-live="assertive"></span></div></div><div class="product-grid-cell_bulk-buy-container overlay--closed" tabindex="-1" aria-hidden="true"><bulk-buy-scroller other-information="otherInformation" on-close="onCloseBMSMOverlay()" product="product" cart-log-location="cartLogLocation" options="options" product-id="product.prodId"><!----><div ng-class="{&#39;bulk-buy-scroller_container--vertical&#39;: $ctrl.options.bulkBuyVerticalStyle}" class="bulk-buy-scroller_container bulk-buy-scroller_container--vertical" ng-if="$ctrl.shouldShowBulkBuy()"><!----><div class="bulk-buy-scroller_header-container" ng-if="$ctrl.isSIMQ() || (!$ctrl.isSIMQ() &amp;&amp; $ctrl.isShelf()) "><!----><h4 id="bulk-buy-scroller_heading--132743" class="bulk-buy-scroller_heading text-center" ng-class="{
            &#39;bulk-buy-scroller_heading--reverse&#39;: $ctrl.options.bulkBuyReverseStyle,
            &#39;text-center&#39;: $ctrl.isShelf()
        }">Buy More Save More</h4><!----><button ng-if="($ctrl.options.bulkBuyReverseStyle || $ctrl.options.bulkBuyVerticalStyle)" ng-click="$ctrl.close()" ng-class="{
            &#39;bulk-buy-scroller_close-button--reverse&#39;: $ctrl.options.bulkBuyReverseStyle,
            &#39;bulk-buy-scroller_close-button--vertical&#39;: $ctrl.options.bulkBuyVerticalStyle,
            &#39;button--white-no-border&#39;: $ctrl.state.currentQuantity === 0,
            &#39;button--lightest-grey&#39;: $ctrl.state.currentQuantity &gt; 0
            }" class="button bulk-buy-scroller_close-button bulk-buy-scroller_close-button--vertical button--white-no-border" aria-label="Close Promotion Options" tabindex="0"><div class="vector-icon_outer-wrapper" svg-id="icon_close" svg-class="vector-icon-color--dark-grey" container-class="vector-icon-size--xxsmall" svg-title="Close Icon" svg-description="X Icon" svg-role="presentation" svg-aria-hidden="true"><div class="vector-icon_container vector-icon-size--xxsmall"><svg version="1.1" x="0px" y="0px" focusable="false" viewBox="0 0 1024 1024" class="vector-icon-color--dark-grey" role="presentation" aria-hidden="true"><title>Close Icon</title><desc>X Icon</desc><path d="M20.685 1003.315c27.546 27.546 72.397 27.546 99.942 0l391.373-391.373 391.373 391.373c27.546 27.546 72.397 27.546 99.942 0s27.546-72.397 0-99.942l-391.373-391.373 391.373-391.373c27.546-27.546 27.546-72.397 0-99.942s-72.397-27.546-99.942 0l-391.373 391.373-391.373-391.373c-27.546-27.546-72.397-27.546-99.942 0s-27.546 72.397 0 99.942l391.373 391.373-391.373 391.373c-27.597 27.546-27.597 72.397 0 99.942z" class="path1"></path></svg></div></div></button><!----></div><!----><!----><div class="bulk-buy-scroller_mix-match-container bulk-buy-scroller_mix-match-container--vertical" ng-if="!$ctrl.isSIMQ() &amp;&amp; $ctrl.isShelf()" ng-class="{
            &#39;bulk-buy-scroller_mix-match-container--reverse&#39;: $ctrl.options.bulkBuyReverseStyle,
            &#39;bulk-buy-scroller_mix-match-container--vertical&#39;: $ctrl.options.bulkBuyVerticalStyle,
            &#39;bulk-buy-scroller_mix-match-container--normal&#39;: $ctrl.options.bulkBuyNormalStyle
        }"><button class="button bulk-buy-scroller_mix-match-button" ng-click="$ctrl.openProductGroup()" tabindex="0"><span class="bulk-buy-scroller_button-headline">Buy 4, Save 30%</span> <span class="bulk-buy-scroller_button-cta">Mix &amp; Match Options </span></button></div><!----><!----><!----></div><!----></bulk-buy-scroller><div class="add-to-cart"><div class="add-to-cart_button"><button class="button button--add-to-cart" data-product-id="132743" data-price="3.99" data-cart-log-location="ORGANIC" data-persisted-quantity="0" data-other-information="{&quot;catPath&quot;:&quot;1,2543&quot;,&quot;sale&quot;:false,&quot;newArrival&quot;:false,&quot;sponsored&quot;:false,&quot;includeContentTrackingInfo&quot;:true}">Add to Cart</button></div><span class="element-invisible" aria-live="assertive"></span></div></div><div class="spyglass-container"></div></li><li role="region" tabindex="-1" aria-label="Late July Tortilla Chips Sea Salt &amp; Lime Restaurant Style Organic" class="product-cell product-grid-cell product-grid-cell--quad" data-id="48-&gt;223202" data-position="47"><div class="confirmation-wrapper confirmation-wrapper--hidden" id="confirmation-wrapper--223202"><div class="confirmation-whitewash"><div class="confirmation-dialog"><div class="confirmation-dialog_messages" tabindex="0"><h4 class="confirmation-dialog_message-headline">Remove This Item From Your Cart?</h4></div><div class="confirmation-dialog_action-container"><div class="confirmation-dialog_confirmation-button"><button class="button button--fourth" tabindex="0" data-product-id="223202" data-cart-log-location="ORGANIC" data-persisted-quantity="undefined" data-price="4.69">OK</button></div><div class="confirmation-dialog_cancel-button"><button class="button button--fourth" tabindex="0" data-product-id="223202">Cancel</button></div></div></div></div></div><div class="confirmation-wrapper" style="display: none;"><div class="confirmation-whitewash"></div></div><img src="./Snacks_Candy_Organic_files/O8YR9.jpg" alt="Late July Tortilla Chips Sea Salt &amp; Lime Restaurant Style Organic" class="product-grid-cell_main-image" data-block-spinner="true" data-product-id="223202"><div class="product-grid-cell_price-tag"><div class="product-grid-cell_name" role="link" tabindex="0" data-block-spinner="true" data-product-id="223202"><h3 class="product-grid-cell_name-text select-text">Late July Tortilla Chips Sea Salt &amp; Lime Restaurant Style Organic</h3></div><div class="product-grid-cell_price-container" role="link" data-block-spinner="true" data-product-id="223202"><div class="product-grid-cell_regular-price-container"><span class="product-grid-cell_was" aria-hidden="true"></span><span class="product-grid-cell_regular-price"></span></div><span class="product-grid-cell_main-price select-text">$4.69</span><span class="product-grid-cell_hidden-price"></span></div><span class="product-grid-cell_size select-text" role="link" data-block-spinner="true" data-product-id="223202">11 oz bag</span><span data-block-spinner="true" data-product-id="223202"><span class="product-grid-cell_unit select-text"> | $0.43 / oz</span></span><div class="buy-more-save-more_cta-grid-container"></div><div class="add-to-cart"><div class="add-to-cart_button"><button class="button button--add-to-cart" data-product-id="223202" data-price="4.69" data-cart-log-location="ORGANIC" data-persisted-quantity="0" data-other-information="{&quot;catPath&quot;:&quot;1,2543&quot;,&quot;sale&quot;:false,&quot;newArrival&quot;:false,&quot;sponsored&quot;:false,&quot;includeContentTrackingInfo&quot;:true}">Add to Cart</button></div><span class="element-invisible" aria-live="assertive"></span></div></div><div class="spyglass-container"></div></li><li role="region" tabindex="-1" aria-label="Clif Energy Bar Blueberry Crisp Organic" class="product-cell product-grid-cell product-grid-cell--quad" data-id="49-&gt;154700" data-position="48"><div class="confirmation-wrapper confirmation-wrapper--hidden" id="confirmation-wrapper--154700"><div class="confirmation-whitewash"><div class="confirmation-dialog"><div class="confirmation-dialog_messages" tabindex="0"><h4 class="confirmation-dialog_message-headline">Remove This Item From Your Cart?</h4></div><div class="confirmation-dialog_action-container"><div class="confirmation-dialog_confirmation-button"><button class="button button--fourth" tabindex="0" data-product-id="154700" data-cart-log-location="ORGANIC" data-persisted-quantity="undefined" data-price="1.29">OK</button></div><div class="confirmation-dialog_cancel-button"><button class="button button--fourth" tabindex="0" data-product-id="154700">Cancel</button></div></div></div></div></div><div class="confirmation-wrapper" style="display: none;"><div class="confirmation-whitewash"></div></div><div class="vector-icon_absolute--left vector-icon_absolute--top buy-more-save-more_sticker-outer-container" aria-label="buy more save more" tabindex="0" role="link" data-pod-group="1184441" data-block-spinner="true"><span class="vector-icon_inline-text--left buy-more-save-more_link buy-more-save-more_view-deal-sticker"><div class="vector-icon_outer-wrapper"><div class="vector-icon_container vector-icon-size--xxlarge"><svg version="1.1" x="0px" y="0px" focusable="false" viewBox="0 0 1022 1024" class="vector-icon-color--bmsm" role="presentation" aria-hidden="true"><title>view deal icon</title><desc>vew deal icon</desc><path d="M882.478 520.133c0 179.904-164.594 325.744-367.631 325.744s-367.631-145.841-367.631-325.744c0-179.904 164.594-325.744 367.631-325.744s367.631 145.841 367.631 325.744z" class="path1" fill="rgb(255, 255, 255)"></path><path d="M1004.073 382.272c-40.667-15.047-79.708-29.687-119.968-44.734 14.64-40.667 28.467-80.114 43.107-122.002-44.734 0-86.621 0.407-130.135 0.407-1.627-43.514-2.847-84.994-4.473-129.728-41.074 14.64-80.114 28.874-121.188 43.514-16.674-37.414-33.347-74.421-50.834-113.461-33.347 28.060-64.661 54.901-96.788 82.148-30.094-29.28-59.374-58.154-89.468-87.841-19.52 38.634-37.82 74.421-56.934 111.835-39.041-17.080-76.454-33.754-115.902-51.241-4.88 44.734-9.76 87.028-14.234 129.728-42.701-2.847-83.774-5.287-127.695-7.727 12.2 42.294 23.18 82.554 34.974 124.035-40.667 13.827-79.301 27.247-120.375 41.074 25.62 34.974 50.427 68.321 75.641 102.888-33.347 28.060-65.881 55.307-100.041 83.774 37.82 22.774 73.608 43.921 108.988 65.068-20.334 37.82-40.261 74.421-61.001 112.241 42.701 8.947 84.994 17.894 128.102 26.84-7.32 42.701-14.234 82.554-21.147 124.442 45.141-7.32 85.808-14.234 128.508-21.147 8.947 42.294 17.080 82.148 25.62 124.442 38.634-23.994 74.828-46.767 111.835-69.541 24.807 36.6 47.987 71.168 72.794 107.768 25.62-34.974 50.021-67.914 75.234-101.668 36.194 23.587 70.761 46.361 107.768 70.761 11.387-41.887 22.367-82.148 32.94-122.408 43.921 10.98 84.994 21.147 129.322 32.127-4.473-44.734-8.54-85.808-12.607-128.508 41.074-5.693 81.741-10.98 124.848-17.080-16.267-33.754-30.094-65.474-46.361-95.568-9.353-17.487-8.54-26.84 11.387-35.787 30.094-13.42 58.561-30.5 89.061-46.767-31.72-31.314-61.814-60.187-92.315-90.281 27.247-32.94 53.274-64.254 81.334-97.601z" class="path2" fill="rgb(0, 0, 0)"></path><path d="M286.704 537.214l-85.808-114.275 30.907-8.54 63.441 88.248 7.727-108.581 30.907-8.54-13.014 142.335-34.16 9.353z" class="path3" fill="rgb(255, 255, 255)"></path><path d="M396.912 506.307l-36.194-128.102 27.247-7.727 36.194 128.102-27.247 7.727z" class="path4" fill="rgb(255, 255, 255)"></path><path d="M464.013 487.193l-36.194-128.102 90.688-25.62 6.913 23.994-63.441 17.894 7.727 26.84 62.221-17.487 6.913 23.994-62.221 17.487 8.133 29.28 63.441-17.894 6.913 23.994-91.095 25.62z" class="path5" fill="rgb(255, 255, 255)"></path><path d="M688.496 423.752l-47.174-81.741 2.44 94.348-28.874 8.133-72.794-117.935 30.5-8.54 48.801 86.214-2.033-99.228 21.147-6.1 50.427 85.808-3.66-99.228 30.5-8.54-0.407 138.675-28.874 8.133z" class="path6" fill="rgb(255, 255, 255)"></path><path d="M297.684 713.709l-36.194-128.102 50.427-14.234c40.261-11.387 75.234 6.507 86.214 44.734 10.98 39.041-9.76 71.981-49.614 83.368l-50.834 14.234zM370.478 623.835c-6.507-22.367-25.214-36.194-51.241-28.874l-23.587 6.507 22.774 80.114 23.18-6.507c25.214-6.507 34.974-29.28 28.874-51.241z" class="path7" fill="rgb(255, 255, 255)"></path><path d="M450.186 670.602l-36.194-128.102 90.688-25.62 6.913 23.994-63.441 17.894 7.727 26.84 62.221-17.487 6.913 23.994-62.221 17.487 8.133 29.28 63.441-17.894 6.913 23.994-91.095 25.62z" class="path8" fill="rgb(255, 255, 255)"></path><path d="M665.315 610.008l-14.234-19.52-54.901 15.454-2.033 23.994-30.907 8.54 13.014-142.335 34.16-9.76 85.808 114.275-30.907 9.353zM601.468 518.913l-4.473 61.001 39.854-11.387-35.38-49.614z" class="path9" fill="rgb(255, 255, 255)"></path><path d="M721.843 594.148l-36.194-128.102 27.654-7.727 29.28 104.108 54.087-15.454 6.913 23.994-81.741 23.18z" class="path10" fill="rgb(255, 255, 255)"></path></svg></div></div><span class="element-invisible">View items in deal</span></span></div><img src="./Snacks_Candy_Organic_files/AE5PF.jpg" alt="Clif Energy Bar Blueberry Crisp Organic" class="product-grid-cell_main-image" data-block-spinner="true" data-product-id="154700"><div class="product-grid-cell_price-tag overlay--open" tabindex="0" aria-hidden="false"><div class="product-grid-cell_name" role="link" tabindex="0" data-block-spinner="true" data-product-id="154700"><h3 class="product-grid-cell_name-text select-text">Clif Energy Bar Blueberry Crisp Organic</h3></div><div class="product-grid-cell_price-container" role="link" data-block-spinner="true" data-product-id="154700"><div class="product-grid-cell_regular-price-container"><span class="product-grid-cell_was" aria-hidden="true"></span><span class="product-grid-cell_regular-price"></span></div><span class="product-grid-cell_main-price select-text">$1.29</span><span class="product-grid-cell_hidden-price"></span></div><span class="product-grid-cell_size select-text" role="link" data-block-spinner="true" data-product-id="154700">2.4 oz bar</span><span data-block-spinner="true" data-product-id="154700"><span class="product-grid-cell_unit select-text"> | $0.54 / oz</span></span><div class="buy-more-save-more_cta-grid-container" aria-label="Buy 10 for $10" tabindex="0" role="link" data-pod-group="1184441" data-block-spinner="true"><span class="buy-more-save-more_cta buy-more-save-more_link">Buy 10 for $10<span aria-hidden="true"></span></span></div><div class="add-to-cart"><div class="add-to-cart_button"><button class="button button--add-to-cart" data-product-id="154700" data-price="1.29" data-cart-log-location="ORGANIC" data-persisted-quantity="0" data-other-information="{&quot;catPath&quot;:&quot;1,2543&quot;,&quot;sale&quot;:false,&quot;newArrival&quot;:false,&quot;sponsored&quot;:false,&quot;includeContentTrackingInfo&quot;:true}">Add to Cart</button></div><span class="element-invisible" aria-live="assertive"></span></div></div><div class="product-grid-cell_bulk-buy-container overlay--closed" tabindex="-1" aria-hidden="true"><bulk-buy-scroller other-information="otherInformation" on-close="onCloseBMSMOverlay()" product="product" cart-log-location="cartLogLocation" options="options" product-id="product.prodId"><!----><div ng-class="{&#39;bulk-buy-scroller_container--vertical&#39;: $ctrl.options.bulkBuyVerticalStyle}" class="bulk-buy-scroller_container bulk-buy-scroller_container--vertical" ng-if="$ctrl.shouldShowBulkBuy()"><!----><div class="bulk-buy-scroller_header-container" ng-if="$ctrl.isSIMQ() || (!$ctrl.isSIMQ() &amp;&amp; $ctrl.isShelf()) "><!----><h4 id="bulk-buy-scroller_heading--154700" class="bulk-buy-scroller_heading text-center" ng-class="{
            &#39;bulk-buy-scroller_heading--reverse&#39;: $ctrl.options.bulkBuyReverseStyle,
            &#39;text-center&#39;: $ctrl.isShelf()
        }">Buy More Save More</h4><!----><button ng-if="($ctrl.options.bulkBuyReverseStyle || $ctrl.options.bulkBuyVerticalStyle)" ng-click="$ctrl.close()" ng-class="{
            &#39;bulk-buy-scroller_close-button--reverse&#39;: $ctrl.options.bulkBuyReverseStyle,
            &#39;bulk-buy-scroller_close-button--vertical&#39;: $ctrl.options.bulkBuyVerticalStyle,
            &#39;button--white-no-border&#39;: $ctrl.state.currentQuantity === 0,
            &#39;button--lightest-grey&#39;: $ctrl.state.currentQuantity &gt; 0
            }" class="button bulk-buy-scroller_close-button bulk-buy-scroller_close-button--vertical button--white-no-border" aria-label="Close Promotion Options" tabindex="0"><div class="vector-icon_outer-wrapper" svg-id="icon_close" svg-class="vector-icon-color--dark-grey" container-class="vector-icon-size--xxsmall" svg-title="Close Icon" svg-description="X Icon" svg-role="presentation" svg-aria-hidden="true"><div class="vector-icon_container vector-icon-size--xxsmall"><svg version="1.1" x="0px" y="0px" focusable="false" viewBox="0 0 1024 1024" class="vector-icon-color--dark-grey" role="presentation" aria-hidden="true"><title>Close Icon</title><desc>X Icon</desc><path d="M20.685 1003.315c27.546 27.546 72.397 27.546 99.942 0l391.373-391.373 391.373 391.373c27.546 27.546 72.397 27.546 99.942 0s27.546-72.397 0-99.942l-391.373-391.373 391.373-391.373c27.546-27.546 27.546-72.397 0-99.942s-72.397-27.546-99.942 0l-391.373 391.373-391.373-391.373c-27.546-27.546-72.397-27.546-99.942 0s-27.546 72.397 0 99.942l391.373 391.373-391.373 391.373c-27.597 27.546-27.597 72.397 0 99.942z" class="path1"></path></svg></div></div></button><!----></div><!----><!----><div class="bulk-buy-scroller_mix-match-container bulk-buy-scroller_mix-match-container--vertical" ng-if="!$ctrl.isSIMQ() &amp;&amp; $ctrl.isShelf()" ng-class="{
            &#39;bulk-buy-scroller_mix-match-container--reverse&#39;: $ctrl.options.bulkBuyReverseStyle,
            &#39;bulk-buy-scroller_mix-match-container--vertical&#39;: $ctrl.options.bulkBuyVerticalStyle,
            &#39;bulk-buy-scroller_mix-match-container--normal&#39;: $ctrl.options.bulkBuyNormalStyle
        }"><button class="button bulk-buy-scroller_mix-match-button" ng-click="$ctrl.openProductGroup()" tabindex="0"><span class="bulk-buy-scroller_button-headline">Buy 10 for $10</span> <span class="bulk-buy-scroller_button-cta">Mix &amp; Match Options </span></button></div><!----><!----><!----></div><!----></bulk-buy-scroller><div class="add-to-cart"><div class="add-to-cart_button"><button class="button button--add-to-cart" data-product-id="154700" data-price="1.29" data-cart-log-location="ORGANIC" data-persisted-quantity="0" data-other-information="{&quot;catPath&quot;:&quot;1,2543&quot;,&quot;sale&quot;:false,&quot;newArrival&quot;:false,&quot;sponsored&quot;:false,&quot;includeContentTrackingInfo&quot;:true}">Add to Cart</button></div><span class="element-invisible" aria-live="assertive"></span></div></div><div class="spyglass-container"></div></li><li role="region" tabindex="-1" aria-label="Nature&#39;s Promise Organic Fruit Twists Wildberry - 6 ct" class="product-cell product-grid-cell product-grid-cell--quad" data-id="50-&gt;210875" data-position="49"><div class="confirmation-wrapper confirmation-wrapper--hidden" id="confirmation-wrapper--210875"><div class="confirmation-whitewash"><div class="confirmation-dialog"><div class="confirmation-dialog_messages" tabindex="0"><h4 class="confirmation-dialog_message-headline">Remove This Item From Your Cart?</h4></div><div class="confirmation-dialog_action-container"><div class="confirmation-dialog_confirmation-button"><button class="button button--fourth" tabindex="0" data-product-id="210875" data-cart-log-location="ORGANIC" data-persisted-quantity="undefined" data-price="2.79">OK</button></div><div class="confirmation-dialog_cancel-button"><button class="button button--fourth" tabindex="0" data-product-id="210875">Cancel</button></div></div></div></div></div><div class="confirmation-wrapper" style="display: none;"><div class="confirmation-whitewash"></div></div><img src="./Snacks_Candy_Organic_files/B6WPJ.jpg" alt="Nature&#39;s Promise Organic Fruit Twists Wildberry - 6 ct" class="product-grid-cell_main-image" data-block-spinner="true" data-product-id="210875"><div class="product-grid-cell_price-tag"><div class="product-grid-cell_name" role="link" tabindex="0" data-block-spinner="true" data-product-id="210875"><h3 class="product-grid-cell_name-text select-text"><span class="vector-icon_inline-text--left"><div class="vector-icon_outer-wrapper"><div class="vector-icon_container vector-icon-size--xsmall"><svg version="1.1" x="0px" y="0px" focusable="false" viewBox="0 0 945 1024" class="" role="presentation" aria-hidden="true"><title>Ahold Wedge Icon</title><desc>Ahold Icon</desc><path d="M1.893 730.617c-1.289-2.094-2.052-4.631-2.052-7.346 0-0.747 0.058-1.481 0.169-2.197 0.158-12.396 10.227-22.466 22.687-22.634l895.306-0c12.476 0.168 22.545 10.237 22.713 22.698-0.521 3.721-1.182 6.924-2.024 10.053l0.131-0.574c-86.363 175.072-263.598 293.385-468.466 293.385s-382.103-118.313-467.105-290.339l-1.361-3.046z" class="path1" fill="rgb(247, 168, 0)"></path><path d="M107.889 132.495c1.893-1.893 1.893-3.786 3.786-5.678 2.98-3.491 7.385-5.69 12.303-5.69s9.323 2.199 12.284 5.668l0.019 0.022 476.983 476.983c3.491 2.98 5.69 7.385 5.69 12.303s-2.199 9.323-5.668 12.284c-1.399 1.869-3.361 3.216-5.631 3.789l-0.069 0.015c-38.446 13.732-82.796 21.669-129.001 21.669-108.416 0-206.626-43.699-277.977-114.443-70.367-71.826-113.809-170.317-113.809-278.955 0-45.803 7.722-89.803 21.936-130.767l-0.845 2.8z" class="path2" fill="rgb(226, 35, 26)"></path><path d="M600.015 1.893c1.247-1.204 2.948-1.946 4.822-1.946 0.302 0 0.6 0.019 0.891 0.057 0.057-0.006 0.164-0.007 0.272-0.007 7.15 0 12.947 5.796 12.947 12.947 0 0.108-0.001 0.215-0.004 0.322l0-0.016v503.482c0.002 0.091 0.004 0.199 0.004 0.306 0 7.15-5.796 12.947-12.947 12.947-0.108 0-0.215-0.001-0.322-0.004-0.241 0.034-0.539 0.053-0.841 0.053-1.874 0-3.574-0.742-4.824-1.948l0.002 0.002c-98.273-48.542-164.673-148.065-164.673-263.098s66.401-214.556 162.964-262.333l1.709-0.765z" class="path3" fill="rgb(113, 33, 119)"></path><path d="M938.824 283.919c1.893 0 1.893 1.893 3.786 1.893 1.765 2.012 2.841 4.666 2.841 7.571s-1.077 5.559-2.853 7.584l0.011-0.013-268.776 266.884c-2.012 1.765-4.666 2.841-7.571 2.841s-5.559-1.077-7.584-2.853c-1.144-0.651-1.911-1.879-1.911-3.285 0-0.172 0.012-0.342 0.034-0.508l-0.002 0.019c-7.681-21.529-12.12-46.363-12.12-72.235 0-61.263 24.891-116.712 65.111-156.786 39.326-39.792 93.895-64.431 154.219-64.431 26.857 0 52.573 4.884 76.309 13.812l-1.494-0.493z" class="path4" fill="rgb(130, 188, 0)"></path></svg></div></div></span>Nature's Promise Organic Fruit Twists Wildberry - 6 ct</h3></div><div class="product-grid-cell_price-container" role="link" data-block-spinner="true" data-product-id="210875"><div class="product-grid-cell_regular-price-container"><span class="product-grid-cell_was" aria-hidden="true"></span><span class="product-grid-cell_regular-price"></span></div><span class="product-grid-cell_main-price select-text">$2.79</span><span class="product-grid-cell_hidden-price"></span></div><span class="product-grid-cell_size select-text" role="link" data-block-spinner="true" data-product-id="210875">3.8 oz box</span><span data-block-spinner="true" data-product-id="210875"><span class="product-grid-cell_unit select-text"> | $0.73 / oz</span></span><div class="buy-more-save-more_cta-grid-container"></div><div class="add-to-cart"><div class="add-to-cart_button"><button class="button button--add-to-cart" data-product-id="210875" data-price="2.79" data-cart-log-location="ORGANIC" data-persisted-quantity="0" data-other-information="{&quot;catPath&quot;:&quot;1,2543&quot;,&quot;sale&quot;:false,&quot;newArrival&quot;:false,&quot;sponsored&quot;:false,&quot;includeContentTrackingInfo&quot;:true}">Add to Cart</button></div><span class="element-invisible" aria-live="assertive"></span></div></div><div class="spyglass-container"></div></li><li role="region" tabindex="-1" aria-label="Hippeas Chickpea Puffs Bohemian Barbeque Organic" class="product-cell product-grid-cell product-grid-cell--quad" data-id="51-&gt;226855" data-position="50"><div class="confirmation-wrapper confirmation-wrapper--hidden" id="confirmation-wrapper--226855"><div class="confirmation-whitewash"><div class="confirmation-dialog"><div class="confirmation-dialog_messages" tabindex="0"><h4 class="confirmation-dialog_message-headline">Remove This Item From Your Cart?</h4></div><div class="confirmation-dialog_action-container"><div class="confirmation-dialog_confirmation-button"><button class="button button--fourth" tabindex="0" data-product-id="226855" data-cart-log-location="ORGANIC" data-persisted-quantity="undefined" data-price="3.79">OK</button></div><div class="confirmation-dialog_cancel-button"><button class="button button--fourth" tabindex="0" data-product-id="226855">Cancel</button></div></div></div></div></div><div class="confirmation-wrapper" style="display: none;"><div class="confirmation-whitewash"></div></div><img src="./Snacks_Candy_Organic_files/6KA13.jpg" alt="Hippeas Chickpea Puffs Bohemian Barbeque Organic" class="product-grid-cell_main-image" data-block-spinner="true" data-product-id="226855"><div class="product-grid-cell_price-tag"><div class="product-grid-cell_name" role="link" tabindex="0" data-block-spinner="true" data-product-id="226855"><h3 class="product-grid-cell_name-text select-text">Hippeas Chickpea Puffs Bohemian Barbeque Organic</h3></div><div class="product-grid-cell_price-container" role="link" data-block-spinner="true" data-product-id="226855"><div class="product-grid-cell_regular-price-container"><span class="product-grid-cell_was" aria-hidden="true"></span><span class="product-grid-cell_regular-price"></span></div><span class="product-grid-cell_main-price select-text">$3.79</span><span class="product-grid-cell_hidden-price"></span></div><span class="product-grid-cell_size select-text" role="link" data-block-spinner="true" data-product-id="226855">4 oz bag</span><span data-block-spinner="true" data-product-id="226855"><span class="product-grid-cell_unit select-text"> | $0.95 / oz</span></span><div class="buy-more-save-more_cta-grid-container"></div><div class="add-to-cart"><div class="add-to-cart_button"><button class="button button--add-to-cart" data-product-id="226855" data-price="3.79" data-cart-log-location="ORGANIC" data-persisted-quantity="0" data-other-information="{&quot;catPath&quot;:&quot;1,2543&quot;,&quot;sale&quot;:false,&quot;newArrival&quot;:false,&quot;sponsored&quot;:false,&quot;includeContentTrackingInfo&quot;:true}">Add to Cart</button></div><span class="element-invisible" aria-live="assertive"></span></div></div><div class="spyglass-container"></div></li><li role="region" tabindex="-1" aria-label="Nature&#39;s Promise Organic Crackers Golden Round" class="product-cell product-grid-cell product-grid-cell--quad" data-id="52-&gt;221695" data-position="51"><div class="confirmation-wrapper confirmation-wrapper--hidden" id="confirmation-wrapper--221695"><div class="confirmation-whitewash"><div class="confirmation-dialog"><div class="confirmation-dialog_messages" tabindex="0"><h4 class="confirmation-dialog_message-headline">Remove This Item From Your Cart?</h4></div><div class="confirmation-dialog_action-container"><div class="confirmation-dialog_confirmation-button"><button class="button button--fourth" tabindex="0" data-product-id="221695" data-cart-log-location="ORGANIC" data-persisted-quantity="undefined" data-price="2.99">OK</button></div><div class="confirmation-dialog_cancel-button"><button class="button button--fourth" tabindex="0" data-product-id="221695">Cancel</button></div></div></div></div></div><div class="confirmation-wrapper" style="display: none;"><div class="confirmation-whitewash"></div></div><img src="./Snacks_Candy_Organic_files/G43EM.jpg" alt="Nature&#39;s Promise Organic Crackers Golden Round" class="product-grid-cell_main-image" data-block-spinner="true" data-product-id="221695"><div class="product-grid-cell_price-tag"><div class="product-grid-cell_name" role="link" tabindex="0" data-block-spinner="true" data-product-id="221695"><h3 class="product-grid-cell_name-text select-text"><span class="vector-icon_inline-text--left"><div class="vector-icon_outer-wrapper"><div class="vector-icon_container vector-icon-size--xsmall"><svg version="1.1" x="0px" y="0px" focusable="false" viewBox="0 0 945 1024" class="" role="presentation" aria-hidden="true"><title>Ahold Wedge Icon</title><desc>Ahold Icon</desc><path d="M1.893 730.617c-1.289-2.094-2.052-4.631-2.052-7.346 0-0.747 0.058-1.481 0.169-2.197 0.158-12.396 10.227-22.466 22.687-22.634l895.306-0c12.476 0.168 22.545 10.237 22.713 22.698-0.521 3.721-1.182 6.924-2.024 10.053l0.131-0.574c-86.363 175.072-263.598 293.385-468.466 293.385s-382.103-118.313-467.105-290.339l-1.361-3.046z" class="path1" fill="rgb(247, 168, 0)"></path><path d="M107.889 132.495c1.893-1.893 1.893-3.786 3.786-5.678 2.98-3.491 7.385-5.69 12.303-5.69s9.323 2.199 12.284 5.668l0.019 0.022 476.983 476.983c3.491 2.98 5.69 7.385 5.69 12.303s-2.199 9.323-5.668 12.284c-1.399 1.869-3.361 3.216-5.631 3.789l-0.069 0.015c-38.446 13.732-82.796 21.669-129.001 21.669-108.416 0-206.626-43.699-277.977-114.443-70.367-71.826-113.809-170.317-113.809-278.955 0-45.803 7.722-89.803 21.936-130.767l-0.845 2.8z" class="path2" fill="rgb(226, 35, 26)"></path><path d="M600.015 1.893c1.247-1.204 2.948-1.946 4.822-1.946 0.302 0 0.6 0.019 0.891 0.057 0.057-0.006 0.164-0.007 0.272-0.007 7.15 0 12.947 5.796 12.947 12.947 0 0.108-0.001 0.215-0.004 0.322l0-0.016v503.482c0.002 0.091 0.004 0.199 0.004 0.306 0 7.15-5.796 12.947-12.947 12.947-0.108 0-0.215-0.001-0.322-0.004-0.241 0.034-0.539 0.053-0.841 0.053-1.874 0-3.574-0.742-4.824-1.948l0.002 0.002c-98.273-48.542-164.673-148.065-164.673-263.098s66.401-214.556 162.964-262.333l1.709-0.765z" class="path3" fill="rgb(113, 33, 119)"></path><path d="M938.824 283.919c1.893 0 1.893 1.893 3.786 1.893 1.765 2.012 2.841 4.666 2.841 7.571s-1.077 5.559-2.853 7.584l0.011-0.013-268.776 266.884c-2.012 1.765-4.666 2.841-7.571 2.841s-5.559-1.077-7.584-2.853c-1.144-0.651-1.911-1.879-1.911-3.285 0-0.172 0.012-0.342 0.034-0.508l-0.002 0.019c-7.681-21.529-12.12-46.363-12.12-72.235 0-61.263 24.891-116.712 65.111-156.786 39.326-39.792 93.895-64.431 154.219-64.431 26.857 0 52.573 4.884 76.309 13.812l-1.494-0.493z" class="path4" fill="rgb(130, 188, 0)"></path></svg></div></div></span>Nature's Promise Organic Crackers Golden Round</h3></div><div class="product-grid-cell_price-container" role="link" data-block-spinner="true" data-product-id="221695"><div class="product-grid-cell_regular-price-container"><span class="product-grid-cell_was" aria-hidden="true"></span><span class="product-grid-cell_regular-price"></span></div><span class="product-grid-cell_main-price select-text">$2.99</span><span class="product-grid-cell_hidden-price"></span></div><span class="product-grid-cell_size select-text" role="link" data-block-spinner="true" data-product-id="221695">8 oz box</span><span data-block-spinner="true" data-product-id="221695"><span class="product-grid-cell_unit select-text"> | $0.37 / oz</span></span><div class="buy-more-save-more_cta-grid-container"></div><div class="add-to-cart"><div class="add-to-cart_button"><button class="button button--add-to-cart" data-product-id="221695" data-price="2.99" data-cart-log-location="ORGANIC" data-persisted-quantity="0" data-other-information="{&quot;catPath&quot;:&quot;1,2543&quot;,&quot;sale&quot;:false,&quot;newArrival&quot;:false,&quot;sponsored&quot;:false,&quot;includeContentTrackingInfo&quot;:true}">Add to Cart</button></div><span class="element-invisible" aria-live="assertive"></span></div></div><div class="spyglass-container"></div></li><li role="region" tabindex="-1" aria-label="Nature&#39;s Promise Organic Cereal Bars Apple - 6 ct" class="product-cell product-grid-cell product-grid-cell--quad" data-id="53-&gt;219917" data-position="52"><div class="confirmation-wrapper confirmation-wrapper--hidden" id="confirmation-wrapper--219917"><div class="confirmation-whitewash"><div class="confirmation-dialog"><div class="confirmation-dialog_messages" tabindex="0"><h4 class="confirmation-dialog_message-headline">Remove This Item From Your Cart?</h4></div><div class="confirmation-dialog_action-container"><div class="confirmation-dialog_confirmation-button"><button class="button button--fourth" tabindex="0" data-product-id="219917" data-cart-log-location="ORGANIC" data-persisted-quantity="undefined" data-price="3.29">OK</button></div><div class="confirmation-dialog_cancel-button"><button class="button button--fourth" tabindex="0" data-product-id="219917">Cancel</button></div></div></div></div></div><div class="confirmation-wrapper" style="display: none;"><div class="confirmation-whitewash"></div></div><img src="./Snacks_Candy_Organic_files/CPYWR.jpg" alt="Nature&#39;s Promise Organic Cereal Bars Apple - 6 ct" class="product-grid-cell_main-image" data-block-spinner="true" data-product-id="219917"><div class="product-grid-cell_price-tag"><div class="product-grid-cell_name" role="link" tabindex="0" data-block-spinner="true" data-product-id="219917"><h3 class="product-grid-cell_name-text select-text"><span class="vector-icon_inline-text--left"><div class="vector-icon_outer-wrapper"><div class="vector-icon_container vector-icon-size--xsmall"><svg version="1.1" x="0px" y="0px" focusable="false" viewBox="0 0 945 1024" class="" role="presentation" aria-hidden="true"><title>Ahold Wedge Icon</title><desc>Ahold Icon</desc><path d="M1.893 730.617c-1.289-2.094-2.052-4.631-2.052-7.346 0-0.747 0.058-1.481 0.169-2.197 0.158-12.396 10.227-22.466 22.687-22.634l895.306-0c12.476 0.168 22.545 10.237 22.713 22.698-0.521 3.721-1.182 6.924-2.024 10.053l0.131-0.574c-86.363 175.072-263.598 293.385-468.466 293.385s-382.103-118.313-467.105-290.339l-1.361-3.046z" class="path1" fill="rgb(247, 168, 0)"></path><path d="M107.889 132.495c1.893-1.893 1.893-3.786 3.786-5.678 2.98-3.491 7.385-5.69 12.303-5.69s9.323 2.199 12.284 5.668l0.019 0.022 476.983 476.983c3.491 2.98 5.69 7.385 5.69 12.303s-2.199 9.323-5.668 12.284c-1.399 1.869-3.361 3.216-5.631 3.789l-0.069 0.015c-38.446 13.732-82.796 21.669-129.001 21.669-108.416 0-206.626-43.699-277.977-114.443-70.367-71.826-113.809-170.317-113.809-278.955 0-45.803 7.722-89.803 21.936-130.767l-0.845 2.8z" class="path2" fill="rgb(226, 35, 26)"></path><path d="M600.015 1.893c1.247-1.204 2.948-1.946 4.822-1.946 0.302 0 0.6 0.019 0.891 0.057 0.057-0.006 0.164-0.007 0.272-0.007 7.15 0 12.947 5.796 12.947 12.947 0 0.108-0.001 0.215-0.004 0.322l0-0.016v503.482c0.002 0.091 0.004 0.199 0.004 0.306 0 7.15-5.796 12.947-12.947 12.947-0.108 0-0.215-0.001-0.322-0.004-0.241 0.034-0.539 0.053-0.841 0.053-1.874 0-3.574-0.742-4.824-1.948l0.002 0.002c-98.273-48.542-164.673-148.065-164.673-263.098s66.401-214.556 162.964-262.333l1.709-0.765z" class="path3" fill="rgb(113, 33, 119)"></path><path d="M938.824 283.919c1.893 0 1.893 1.893 3.786 1.893 1.765 2.012 2.841 4.666 2.841 7.571s-1.077 5.559-2.853 7.584l0.011-0.013-268.776 266.884c-2.012 1.765-4.666 2.841-7.571 2.841s-5.559-1.077-7.584-2.853c-1.144-0.651-1.911-1.879-1.911-3.285 0-0.172 0.012-0.342 0.034-0.508l-0.002 0.019c-7.681-21.529-12.12-46.363-12.12-72.235 0-61.263 24.891-116.712 65.111-156.786 39.326-39.792 93.895-64.431 154.219-64.431 26.857 0 52.573 4.884 76.309 13.812l-1.494-0.493z" class="path4" fill="rgb(130, 188, 0)"></path></svg></div></div></span>Nature's Promise Organic Cereal Bars Apple - 6 ct</h3></div><div class="product-grid-cell_price-container" role="link" data-block-spinner="true" data-product-id="219917"><div class="product-grid-cell_regular-price-container"><span class="product-grid-cell_was" aria-hidden="true"></span><span class="product-grid-cell_regular-price"></span></div><span class="product-grid-cell_main-price select-text">$3.29</span><span class="product-grid-cell_hidden-price"></span></div><span class="product-grid-cell_size select-text" role="link" data-block-spinner="true" data-product-id="219917">7.8 oz box</span><span data-block-spinner="true" data-product-id="219917"><span class="product-grid-cell_unit select-text"> | $0.42 / oz</span></span><div class="buy-more-save-more_cta-grid-container"></div><div class="add-to-cart"><div class="add-to-cart_button"><button class="button button--add-to-cart" data-product-id="219917" data-price="3.29" data-cart-log-location="ORGANIC" data-persisted-quantity="0" data-other-information="{&quot;catPath&quot;:&quot;1,2543&quot;,&quot;sale&quot;:false,&quot;newArrival&quot;:false,&quot;sponsored&quot;:false,&quot;includeContentTrackingInfo&quot;:true}">Add to Cart</button></div><span class="element-invisible" aria-live="assertive"></span></div></div><div class="spyglass-container"></div></li><li role="region" tabindex="-1" aria-label="Nature&#39;s Promise Organic Cereal Bars Blueberry - 6 ct" class="product-cell product-grid-cell product-grid-cell--quad" data-id="54-&gt;219918" data-position="53"><div class="confirmation-wrapper confirmation-wrapper--hidden" id="confirmation-wrapper--219918"><div class="confirmation-whitewash"><div class="confirmation-dialog"><div class="confirmation-dialog_messages" tabindex="0"><h4 class="confirmation-dialog_message-headline">Remove This Item From Your Cart?</h4></div><div class="confirmation-dialog_action-container"><div class="confirmation-dialog_confirmation-button"><button class="button button--fourth" tabindex="0" data-product-id="219918" data-cart-log-location="ORGANIC" data-persisted-quantity="undefined" data-price="3.29">OK</button></div><div class="confirmation-dialog_cancel-button"><button class="button button--fourth" tabindex="0" data-product-id="219918">Cancel</button></div></div></div></div></div><div class="confirmation-wrapper" style="display: none;"><div class="confirmation-whitewash"></div></div><img src="./Snacks_Candy_Organic_files/RMYP6.jpg" alt="Nature&#39;s Promise Organic Cereal Bars Blueberry - 6 ct" class="product-grid-cell_main-image" data-block-spinner="true" data-product-id="219918"><div class="product-grid-cell_price-tag"><div class="product-grid-cell_name" role="link" tabindex="0" data-block-spinner="true" data-product-id="219918"><h3 class="product-grid-cell_name-text select-text"><span class="vector-icon_inline-text--left"><div class="vector-icon_outer-wrapper"><div class="vector-icon_container vector-icon-size--xsmall"><svg version="1.1" x="0px" y="0px" focusable="false" viewBox="0 0 945 1024" class="" role="presentation" aria-hidden="true"><title>Ahold Wedge Icon</title><desc>Ahold Icon</desc><path d="M1.893 730.617c-1.289-2.094-2.052-4.631-2.052-7.346 0-0.747 0.058-1.481 0.169-2.197 0.158-12.396 10.227-22.466 22.687-22.634l895.306-0c12.476 0.168 22.545 10.237 22.713 22.698-0.521 3.721-1.182 6.924-2.024 10.053l0.131-0.574c-86.363 175.072-263.598 293.385-468.466 293.385s-382.103-118.313-467.105-290.339l-1.361-3.046z" class="path1" fill="rgb(247, 168, 0)"></path><path d="M107.889 132.495c1.893-1.893 1.893-3.786 3.786-5.678 2.98-3.491 7.385-5.69 12.303-5.69s9.323 2.199 12.284 5.668l0.019 0.022 476.983 476.983c3.491 2.98 5.69 7.385 5.69 12.303s-2.199 9.323-5.668 12.284c-1.399 1.869-3.361 3.216-5.631 3.789l-0.069 0.015c-38.446 13.732-82.796 21.669-129.001 21.669-108.416 0-206.626-43.699-277.977-114.443-70.367-71.826-113.809-170.317-113.809-278.955 0-45.803 7.722-89.803 21.936-130.767l-0.845 2.8z" class="path2" fill="rgb(226, 35, 26)"></path><path d="M600.015 1.893c1.247-1.204 2.948-1.946 4.822-1.946 0.302 0 0.6 0.019 0.891 0.057 0.057-0.006 0.164-0.007 0.272-0.007 7.15 0 12.947 5.796 12.947 12.947 0 0.108-0.001 0.215-0.004 0.322l0-0.016v503.482c0.002 0.091 0.004 0.199 0.004 0.306 0 7.15-5.796 12.947-12.947 12.947-0.108 0-0.215-0.001-0.322-0.004-0.241 0.034-0.539 0.053-0.841 0.053-1.874 0-3.574-0.742-4.824-1.948l0.002 0.002c-98.273-48.542-164.673-148.065-164.673-263.098s66.401-214.556 162.964-262.333l1.709-0.765z" class="path3" fill="rgb(113, 33, 119)"></path><path d="M938.824 283.919c1.893 0 1.893 1.893 3.786 1.893 1.765 2.012 2.841 4.666 2.841 7.571s-1.077 5.559-2.853 7.584l0.011-0.013-268.776 266.884c-2.012 1.765-4.666 2.841-7.571 2.841s-5.559-1.077-7.584-2.853c-1.144-0.651-1.911-1.879-1.911-3.285 0-0.172 0.012-0.342 0.034-0.508l-0.002 0.019c-7.681-21.529-12.12-46.363-12.12-72.235 0-61.263 24.891-116.712 65.111-156.786 39.326-39.792 93.895-64.431 154.219-64.431 26.857 0 52.573 4.884 76.309 13.812l-1.494-0.493z" class="path4" fill="rgb(130, 188, 0)"></path></svg></div></div></span>Nature's Promise Organic Cereal Bars Blueberry - 6 ct</h3></div><div class="product-grid-cell_price-container" role="link" data-block-spinner="true" data-product-id="219918"><div class="product-grid-cell_regular-price-container"><span class="product-grid-cell_was" aria-hidden="true"></span><span class="product-grid-cell_regular-price"></span></div><span class="product-grid-cell_main-price select-text">$3.29</span><span class="product-grid-cell_hidden-price"></span></div><span class="product-grid-cell_size select-text" role="link" data-block-spinner="true" data-product-id="219918">7.8 oz box</span><span data-block-spinner="true" data-product-id="219918"><span class="product-grid-cell_unit select-text"> | $0.42 / oz</span></span><div class="buy-more-save-more_cta-grid-container"></div><div class="add-to-cart"><div class="add-to-cart_button"><button class="button button--add-to-cart" data-product-id="219918" data-price="3.29" data-cart-log-location="ORGANIC" data-persisted-quantity="0" data-other-information="{&quot;catPath&quot;:&quot;1,2543&quot;,&quot;sale&quot;:false,&quot;newArrival&quot;:false,&quot;sponsored&quot;:false,&quot;includeContentTrackingInfo&quot;:true}">Add to Cart</button></div><span class="element-invisible" aria-live="assertive"></span></div></div><div class="spyglass-container"></div></li><li role="region" tabindex="-1" aria-label="Garden of Eatin&#39; Tortilla Chips Blue Corn Gluten Free Organic" class="product-cell product-grid-cell product-grid-cell--quad" data-id="55-&gt;63786" data-position="54"><div class="confirmation-wrapper confirmation-wrapper--hidden" id="confirmation-wrapper--63786"><div class="confirmation-whitewash"><div class="confirmation-dialog"><div class="confirmation-dialog_messages" tabindex="0"><h4 class="confirmation-dialog_message-headline">Remove This Item From Your Cart?</h4></div><div class="confirmation-dialog_action-container"><div class="confirmation-dialog_confirmation-button"><button class="button button--fourth" tabindex="0" data-product-id="63786" data-cart-log-location="ORGANIC" data-persisted-quantity="undefined" data-price="4.29">OK</button></div><div class="confirmation-dialog_cancel-button"><button class="button button--fourth" tabindex="0" data-product-id="63786">Cancel</button></div></div></div></div></div><div class="confirmation-wrapper" style="display: none;"><div class="confirmation-whitewash"></div></div><img src="./Snacks_Candy_Organic_files/Z5CW6.jpg" alt="Garden of Eatin&#39; Tortilla Chips Blue Corn Gluten Free Organic" class="product-grid-cell_main-image" data-block-spinner="true" data-product-id="63786"><div class="product-grid-cell_price-tag"><div class="product-grid-cell_name" role="link" tabindex="0" data-block-spinner="true" data-product-id="63786"><h3 class="product-grid-cell_name-text select-text">Garden of Eatin' Tortilla Chips Blue Corn Gluten Free Organic</h3></div><div class="product-grid-cell_price-container" role="link" data-block-spinner="true" data-product-id="63786"><div class="product-grid-cell_regular-price-container"><span class="product-grid-cell_was" aria-hidden="true"></span><span class="product-grid-cell_regular-price"></span></div><span class="product-grid-cell_main-price select-text">$4.29</span><span class="product-grid-cell_hidden-price"></span></div><span class="product-grid-cell_size select-text" role="link" data-block-spinner="true" data-product-id="63786">8.1 oz bag</span><span data-block-spinner="true" data-product-id="63786"><span class="product-grid-cell_unit select-text"> | $0.53 / oz</span></span><div class="buy-more-save-more_cta-grid-container"></div><div class="add-to-cart"><div class="add-to-cart_button"><button class="button button--add-to-cart" data-product-id="63786" data-price="4.29" data-cart-log-location="ORGANIC" data-persisted-quantity="0" data-other-information="{&quot;catPath&quot;:&quot;1,2543&quot;,&quot;sale&quot;:false,&quot;newArrival&quot;:false,&quot;sponsored&quot;:false,&quot;includeContentTrackingInfo&quot;:true}">Add to Cart</button></div><span class="element-invisible" aria-live="assertive"></span></div></div><div class="spyglass-container"></div></li><li role="region" tabindex="-1" aria-label="Nature&#39;s Promise Salsa Mild Thick and Chunky Organic Gluten Free" class="product-cell product-grid-cell product-grid-cell--quad" data-id="56-&gt;136075" data-position="55"><div class="confirmation-wrapper confirmation-wrapper--hidden" id="confirmation-wrapper--136075"><div class="confirmation-whitewash"><div class="confirmation-dialog"><div class="confirmation-dialog_messages" tabindex="0"><h4 class="confirmation-dialog_message-headline">Remove This Item From Your Cart?</h4></div><div class="confirmation-dialog_action-container"><div class="confirmation-dialog_confirmation-button"><button class="button button--fourth" tabindex="0" data-product-id="136075" data-cart-log-location="ORGANIC" data-persisted-quantity="undefined" data-price="3.19">OK</button></div><div class="confirmation-dialog_cancel-button"><button class="button button--fourth" tabindex="0" data-product-id="136075">Cancel</button></div></div></div></div></div><div class="confirmation-wrapper" style="display: none;"><div class="confirmation-whitewash"></div></div><img src="./Snacks_Candy_Organic_files/ETDOF.jpg" alt="Nature&#39;s Promise Salsa Mild Thick and Chunky Organic Gluten Free" class="product-grid-cell_main-image" data-block-spinner="true" data-product-id="136075"><div class="product-grid-cell_price-tag"><div class="product-grid-cell_name" role="link" tabindex="0" data-block-spinner="true" data-product-id="136075"><h3 class="product-grid-cell_name-text select-text"><span class="vector-icon_inline-text--left"><div class="vector-icon_outer-wrapper"><div class="vector-icon_container vector-icon-size--xsmall"><svg version="1.1" x="0px" y="0px" focusable="false" viewBox="0 0 945 1024" class="" role="presentation" aria-hidden="true"><title>Ahold Wedge Icon</title><desc>Ahold Icon</desc><path d="M1.893 730.617c-1.289-2.094-2.052-4.631-2.052-7.346 0-0.747 0.058-1.481 0.169-2.197 0.158-12.396 10.227-22.466 22.687-22.634l895.306-0c12.476 0.168 22.545 10.237 22.713 22.698-0.521 3.721-1.182 6.924-2.024 10.053l0.131-0.574c-86.363 175.072-263.598 293.385-468.466 293.385s-382.103-118.313-467.105-290.339l-1.361-3.046z" class="path1" fill="rgb(247, 168, 0)"></path><path d="M107.889 132.495c1.893-1.893 1.893-3.786 3.786-5.678 2.98-3.491 7.385-5.69 12.303-5.69s9.323 2.199 12.284 5.668l0.019 0.022 476.983 476.983c3.491 2.98 5.69 7.385 5.69 12.303s-2.199 9.323-5.668 12.284c-1.399 1.869-3.361 3.216-5.631 3.789l-0.069 0.015c-38.446 13.732-82.796 21.669-129.001 21.669-108.416 0-206.626-43.699-277.977-114.443-70.367-71.826-113.809-170.317-113.809-278.955 0-45.803 7.722-89.803 21.936-130.767l-0.845 2.8z" class="path2" fill="rgb(226, 35, 26)"></path><path d="M600.015 1.893c1.247-1.204 2.948-1.946 4.822-1.946 0.302 0 0.6 0.019 0.891 0.057 0.057-0.006 0.164-0.007 0.272-0.007 7.15 0 12.947 5.796 12.947 12.947 0 0.108-0.001 0.215-0.004 0.322l0-0.016v503.482c0.002 0.091 0.004 0.199 0.004 0.306 0 7.15-5.796 12.947-12.947 12.947-0.108 0-0.215-0.001-0.322-0.004-0.241 0.034-0.539 0.053-0.841 0.053-1.874 0-3.574-0.742-4.824-1.948l0.002 0.002c-98.273-48.542-164.673-148.065-164.673-263.098s66.401-214.556 162.964-262.333l1.709-0.765z" class="path3" fill="rgb(113, 33, 119)"></path><path d="M938.824 283.919c1.893 0 1.893 1.893 3.786 1.893 1.765 2.012 2.841 4.666 2.841 7.571s-1.077 5.559-2.853 7.584l0.011-0.013-268.776 266.884c-2.012 1.765-4.666 2.841-7.571 2.841s-5.559-1.077-7.584-2.853c-1.144-0.651-1.911-1.879-1.911-3.285 0-0.172 0.012-0.342 0.034-0.508l-0.002 0.019c-7.681-21.529-12.12-46.363-12.12-72.235 0-61.263 24.891-116.712 65.111-156.786 39.326-39.792 93.895-64.431 154.219-64.431 26.857 0 52.573 4.884 76.309 13.812l-1.494-0.493z" class="path4" fill="rgb(130, 188, 0)"></path></svg></div></div></span>Nature's Promise Salsa Mild Thick and Chunky Organic Gluten Free</h3></div><div class="product-grid-cell_price-container" role="link" data-block-spinner="true" data-product-id="136075"><div class="product-grid-cell_regular-price-container"><span class="product-grid-cell_was" aria-hidden="true"></span><span class="product-grid-cell_regular-price"></span></div><span class="product-grid-cell_main-price select-text">$3.19</span><span class="product-grid-cell_hidden-price"></span></div><span class="product-grid-cell_size select-text" role="link" data-block-spinner="true" data-product-id="136075">16 oz jar</span><span data-block-spinner="true" data-product-id="136075"><span class="product-grid-cell_unit select-text"> | $0.20 / oz</span></span><div class="buy-more-save-more_cta-grid-container"></div><div class="add-to-cart"><div class="add-to-cart_button"><button class="button button--add-to-cart" data-product-id="136075" data-price="3.19" data-cart-log-location="ORGANIC" data-persisted-quantity="0" data-other-information="{&quot;catPath&quot;:&quot;1,2543&quot;,&quot;sale&quot;:false,&quot;newArrival&quot;:false,&quot;sponsored&quot;:false,&quot;includeContentTrackingInfo&quot;:true}">Add to Cart</button></div><span class="element-invisible" aria-live="assertive"></span></div></div><div class="spyglass-container"></div></li><li role="region" tabindex="-1" aria-label="Hippeas Chickpea Puffs Sriracha Sunshine Organic" class="product-cell product-grid-cell product-grid-cell--quad" data-id="57-&gt;226853" data-position="56"><div class="confirmation-wrapper confirmation-wrapper--hidden" id="confirmation-wrapper--226853"><div class="confirmation-whitewash"><div class="confirmation-dialog"><div class="confirmation-dialog_messages" tabindex="0"><h4 class="confirmation-dialog_message-headline">Remove This Item From Your Cart?</h4></div><div class="confirmation-dialog_action-container"><div class="confirmation-dialog_confirmation-button"><button class="button button--fourth" tabindex="0" data-product-id="226853" data-cart-log-location="ORGANIC" data-persisted-quantity="undefined" data-price="3.79">OK</button></div><div class="confirmation-dialog_cancel-button"><button class="button button--fourth" tabindex="0" data-product-id="226853">Cancel</button></div></div></div></div></div><div class="confirmation-wrapper" style="display: none;"><div class="confirmation-whitewash"></div></div><img src="./Snacks_Candy_Organic_files/TXWEJ.jpg" alt="Hippeas Chickpea Puffs Sriracha Sunshine Organic" class="product-grid-cell_main-image" data-block-spinner="true" data-product-id="226853"><div class="product-grid-cell_price-tag"><div class="product-grid-cell_name" role="link" tabindex="0" data-block-spinner="true" data-product-id="226853"><h3 class="product-grid-cell_name-text select-text">Hippeas Chickpea Puffs Sriracha Sunshine Organic</h3></div><div class="product-grid-cell_price-container" role="link" data-block-spinner="true" data-product-id="226853"><div class="product-grid-cell_regular-price-container"><span class="product-grid-cell_was" aria-hidden="true"></span><span class="product-grid-cell_regular-price"></span></div><span class="product-grid-cell_main-price select-text">$3.79</span><span class="product-grid-cell_hidden-price"></span></div><span class="product-grid-cell_size select-text" role="link" data-block-spinner="true" data-product-id="226853">4 oz bag</span><span data-block-spinner="true" data-product-id="226853"><span class="product-grid-cell_unit select-text"> | $0.95 / oz</span></span><div class="buy-more-save-more_cta-grid-container"></div><div class="add-to-cart"><div class="add-to-cart_button"><button class="button button--add-to-cart" data-product-id="226853" data-price="3.79" data-cart-log-location="ORGANIC" data-persisted-quantity="0" data-other-information="{&quot;catPath&quot;:&quot;1,2543&quot;,&quot;sale&quot;:false,&quot;newArrival&quot;:false,&quot;sponsored&quot;:false,&quot;includeContentTrackingInfo&quot;:true}">Add to Cart</button></div><span class="element-invisible" aria-live="assertive"></span></div></div><div class="spyglass-container"></div></li><li role="region" tabindex="-1" aria-label="Tostitos Simply Tortilla Chips Yellow Corn Organic Non-GMO" class="product-cell product-grid-cell product-grid-cell--quad" data-id="58-&gt;134543" data-position="57"><div class="confirmation-wrapper confirmation-wrapper--hidden" id="confirmation-wrapper--134543"><div class="confirmation-whitewash"><div class="confirmation-dialog"><div class="confirmation-dialog_messages" tabindex="0"><h4 class="confirmation-dialog_message-headline">Remove This Item From Your Cart?</h4></div><div class="confirmation-dialog_action-container"><div class="confirmation-dialog_confirmation-button"><button class="button button--fourth" tabindex="0" data-product-id="134543" data-cart-log-location="ORGANIC" data-persisted-quantity="undefined" data-price="3.99">OK</button></div><div class="confirmation-dialog_cancel-button"><button class="button button--fourth" tabindex="0" data-product-id="134543">Cancel</button></div></div></div></div></div><div class="confirmation-wrapper" style="display: none;"><div class="confirmation-whitewash"></div></div><div class="vector-icon_absolute--left vector-icon_absolute--top buy-more-save-more_sticker-outer-container" aria-label="buy more save more" tabindex="0" role="link" data-pod-group="1184843" data-block-spinner="true"><span class="vector-icon_inline-text--left buy-more-save-more_link buy-more-save-more_view-deal-sticker"><div class="vector-icon_outer-wrapper"><div class="vector-icon_container vector-icon-size--xxlarge"><svg version="1.1" x="0px" y="0px" focusable="false" viewBox="0 0 1022 1024" class="vector-icon-color--bmsm" role="presentation" aria-hidden="true"><title>view deal icon</title><desc>vew deal icon</desc><path d="M882.478 520.133c0 179.904-164.594 325.744-367.631 325.744s-367.631-145.841-367.631-325.744c0-179.904 164.594-325.744 367.631-325.744s367.631 145.841 367.631 325.744z" class="path1" fill="rgb(255, 255, 255)"></path><path d="M1004.073 382.272c-40.667-15.047-79.708-29.687-119.968-44.734 14.64-40.667 28.467-80.114 43.107-122.002-44.734 0-86.621 0.407-130.135 0.407-1.627-43.514-2.847-84.994-4.473-129.728-41.074 14.64-80.114 28.874-121.188 43.514-16.674-37.414-33.347-74.421-50.834-113.461-33.347 28.060-64.661 54.901-96.788 82.148-30.094-29.28-59.374-58.154-89.468-87.841-19.52 38.634-37.82 74.421-56.934 111.835-39.041-17.080-76.454-33.754-115.902-51.241-4.88 44.734-9.76 87.028-14.234 129.728-42.701-2.847-83.774-5.287-127.695-7.727 12.2 42.294 23.18 82.554 34.974 124.035-40.667 13.827-79.301 27.247-120.375 41.074 25.62 34.974 50.427 68.321 75.641 102.888-33.347 28.060-65.881 55.307-100.041 83.774 37.82 22.774 73.608 43.921 108.988 65.068-20.334 37.82-40.261 74.421-61.001 112.241 42.701 8.947 84.994 17.894 128.102 26.84-7.32 42.701-14.234 82.554-21.147 124.442 45.141-7.32 85.808-14.234 128.508-21.147 8.947 42.294 17.080 82.148 25.62 124.442 38.634-23.994 74.828-46.767 111.835-69.541 24.807 36.6 47.987 71.168 72.794 107.768 25.62-34.974 50.021-67.914 75.234-101.668 36.194 23.587 70.761 46.361 107.768 70.761 11.387-41.887 22.367-82.148 32.94-122.408 43.921 10.98 84.994 21.147 129.322 32.127-4.473-44.734-8.54-85.808-12.607-128.508 41.074-5.693 81.741-10.98 124.848-17.080-16.267-33.754-30.094-65.474-46.361-95.568-9.353-17.487-8.54-26.84 11.387-35.787 30.094-13.42 58.561-30.5 89.061-46.767-31.72-31.314-61.814-60.187-92.315-90.281 27.247-32.94 53.274-64.254 81.334-97.601z" class="path2" fill="rgb(0, 0, 0)"></path><path d="M286.704 537.214l-85.808-114.275 30.907-8.54 63.441 88.248 7.727-108.581 30.907-8.54-13.014 142.335-34.16 9.353z" class="path3" fill="rgb(255, 255, 255)"></path><path d="M396.912 506.307l-36.194-128.102 27.247-7.727 36.194 128.102-27.247 7.727z" class="path4" fill="rgb(255, 255, 255)"></path><path d="M464.013 487.193l-36.194-128.102 90.688-25.62 6.913 23.994-63.441 17.894 7.727 26.84 62.221-17.487 6.913 23.994-62.221 17.487 8.133 29.28 63.441-17.894 6.913 23.994-91.095 25.62z" class="path5" fill="rgb(255, 255, 255)"></path><path d="M688.496 423.752l-47.174-81.741 2.44 94.348-28.874 8.133-72.794-117.935 30.5-8.54 48.801 86.214-2.033-99.228 21.147-6.1 50.427 85.808-3.66-99.228 30.5-8.54-0.407 138.675-28.874 8.133z" class="path6" fill="rgb(255, 255, 255)"></path><path d="M297.684 713.709l-36.194-128.102 50.427-14.234c40.261-11.387 75.234 6.507 86.214 44.734 10.98 39.041-9.76 71.981-49.614 83.368l-50.834 14.234zM370.478 623.835c-6.507-22.367-25.214-36.194-51.241-28.874l-23.587 6.507 22.774 80.114 23.18-6.507c25.214-6.507 34.974-29.28 28.874-51.241z" class="path7" fill="rgb(255, 255, 255)"></path><path d="M450.186 670.602l-36.194-128.102 90.688-25.62 6.913 23.994-63.441 17.894 7.727 26.84 62.221-17.487 6.913 23.994-62.221 17.487 8.133 29.28 63.441-17.894 6.913 23.994-91.095 25.62z" class="path8" fill="rgb(255, 255, 255)"></path><path d="M665.315 610.008l-14.234-19.52-54.901 15.454-2.033 23.994-30.907 8.54 13.014-142.335 34.16-9.76 85.808 114.275-30.907 9.353zM601.468 518.913l-4.473 61.001 39.854-11.387-35.38-49.614z" class="path9" fill="rgb(255, 255, 255)"></path><path d="M721.843 594.148l-36.194-128.102 27.654-7.727 29.28 104.108 54.087-15.454 6.913 23.994-81.741 23.18z" class="path10" fill="rgb(255, 255, 255)"></path></svg></div></div><span class="element-invisible">View items in deal</span></span></div><img src="./Snacks_Candy_Organic_files/HFX8A.jpg" alt="Tostitos Simply Tortilla Chips Yellow Corn Organic Non-GMO" class="product-grid-cell_main-image" data-block-spinner="true" data-product-id="134543"><div class="product-grid-cell_price-tag overlay--open" tabindex="0" aria-hidden="false"><div class="product-grid-cell_name" role="link" tabindex="0" data-block-spinner="true" data-product-id="134543"><h3 class="product-grid-cell_name-text select-text">Tostitos Simply Tortilla Chips Yellow Corn Organic Non-GMO</h3></div><div class="product-grid-cell_price-container" role="link" data-block-spinner="true" data-product-id="134543"><div class="product-grid-cell_regular-price-container"><span class="product-grid-cell_was" aria-hidden="true"></span><span class="product-grid-cell_regular-price"></span></div><span class="product-grid-cell_main-price select-text">$3.99</span><span class="product-grid-cell_hidden-price"></span></div><span class="product-grid-cell_size select-text" role="link" data-block-spinner="true" data-product-id="134543">8.25 oz bag</span><span data-block-spinner="true" data-product-id="134543"><span class="product-grid-cell_unit select-text"> | $0.48 / oz</span></span><div class="buy-more-save-more_cta-grid-container" aria-label="Buy 4, Save 30%" tabindex="0" role="link" data-pod-group="1184843" data-block-spinner="true"><span class="buy-more-save-more_cta buy-more-save-more_link">Buy 4, Save 30%<span aria-hidden="true"></span></span></div><div class="add-to-cart"><div class="add-to-cart_button"><button class="button button--add-to-cart" data-product-id="134543" data-price="3.99" data-cart-log-location="ORGANIC" data-persisted-quantity="0" data-other-information="{&quot;catPath&quot;:&quot;1,2543&quot;,&quot;sale&quot;:false,&quot;newArrival&quot;:false,&quot;sponsored&quot;:false,&quot;includeContentTrackingInfo&quot;:true}">Add to Cart</button></div><span class="element-invisible" aria-live="assertive"></span></div></div><div class="product-grid-cell_bulk-buy-container overlay--closed" tabindex="-1" aria-hidden="true"><bulk-buy-scroller other-information="otherInformation" on-close="onCloseBMSMOverlay()" product="product" cart-log-location="cartLogLocation" options="options" product-id="product.prodId"><!----><div ng-class="{&#39;bulk-buy-scroller_container--vertical&#39;: $ctrl.options.bulkBuyVerticalStyle}" class="bulk-buy-scroller_container bulk-buy-scroller_container--vertical" ng-if="$ctrl.shouldShowBulkBuy()"><!----><div class="bulk-buy-scroller_header-container" ng-if="$ctrl.isSIMQ() || (!$ctrl.isSIMQ() &amp;&amp; $ctrl.isShelf()) "><!----><h4 id="bulk-buy-scroller_heading--134543" class="bulk-buy-scroller_heading text-center" ng-class="{
            &#39;bulk-buy-scroller_heading--reverse&#39;: $ctrl.options.bulkBuyReverseStyle,
            &#39;text-center&#39;: $ctrl.isShelf()
        }">Buy More Save More</h4><!----><button ng-if="($ctrl.options.bulkBuyReverseStyle || $ctrl.options.bulkBuyVerticalStyle)" ng-click="$ctrl.close()" ng-class="{
            &#39;bulk-buy-scroller_close-button--reverse&#39;: $ctrl.options.bulkBuyReverseStyle,
            &#39;bulk-buy-scroller_close-button--vertical&#39;: $ctrl.options.bulkBuyVerticalStyle,
            &#39;button--white-no-border&#39;: $ctrl.state.currentQuantity === 0,
            &#39;button--lightest-grey&#39;: $ctrl.state.currentQuantity &gt; 0
            }" class="button bulk-buy-scroller_close-button bulk-buy-scroller_close-button--vertical button--white-no-border" aria-label="Close Promotion Options" tabindex="0"><div class="vector-icon_outer-wrapper" svg-id="icon_close" svg-class="vector-icon-color--dark-grey" container-class="vector-icon-size--xxsmall" svg-title="Close Icon" svg-description="X Icon" svg-role="presentation" svg-aria-hidden="true"><div class="vector-icon_container vector-icon-size--xxsmall"><svg version="1.1" x="0px" y="0px" focusable="false" viewBox="0 0 1024 1024" class="vector-icon-color--dark-grey" role="presentation" aria-hidden="true"><title>Close Icon</title><desc>X Icon</desc><path d="M20.685 1003.315c27.546 27.546 72.397 27.546 99.942 0l391.373-391.373 391.373 391.373c27.546 27.546 72.397 27.546 99.942 0s27.546-72.397 0-99.942l-391.373-391.373 391.373-391.373c27.546-27.546 27.546-72.397 0-99.942s-72.397-27.546-99.942 0l-391.373 391.373-391.373-391.373c-27.546-27.546-72.397-27.546-99.942 0s-27.546 72.397 0 99.942l391.373 391.373-391.373 391.373c-27.597 27.546-27.597 72.397 0 99.942z" class="path1"></path></svg></div></div></button><!----></div><!----><!----><div class="bulk-buy-scroller_mix-match-container bulk-buy-scroller_mix-match-container--vertical" ng-if="!$ctrl.isSIMQ() &amp;&amp; $ctrl.isShelf()" ng-class="{
            &#39;bulk-buy-scroller_mix-match-container--reverse&#39;: $ctrl.options.bulkBuyReverseStyle,
            &#39;bulk-buy-scroller_mix-match-container--vertical&#39;: $ctrl.options.bulkBuyVerticalStyle,
            &#39;bulk-buy-scroller_mix-match-container--normal&#39;: $ctrl.options.bulkBuyNormalStyle
        }"><button class="button bulk-buy-scroller_mix-match-button" ng-click="$ctrl.openProductGroup()" tabindex="0"><span class="bulk-buy-scroller_button-headline">Buy 4, Save 30%</span> <span class="bulk-buy-scroller_button-cta">Mix &amp; Match Options </span></button></div><!----><!----><!----></div><!----></bulk-buy-scroller><div class="add-to-cart"><div class="add-to-cart_button"><button class="button button--add-to-cart" data-product-id="134543" data-price="3.99" data-cart-log-location="ORGANIC" data-persisted-quantity="0" data-other-information="{&quot;catPath&quot;:&quot;1,2543&quot;,&quot;sale&quot;:false,&quot;newArrival&quot;:false,&quot;sponsored&quot;:false,&quot;includeContentTrackingInfo&quot;:true}">Add to Cart</button></div><span class="element-invisible" aria-live="assertive"></span></div></div><div class="spyglass-container"></div></li><li role="region" tabindex="-1" aria-label="Annie&#39;s Homegrown Fruit Snacks Strawberry/Raspberry/Orange Organic - 5 ct" class="product-cell product-grid-cell product-grid-cell--quad" data-id="59-&gt;216123" data-position="58"><div class="confirmation-wrapper confirmation-wrapper--hidden" id="confirmation-wrapper--216123"><div class="confirmation-whitewash"><div class="confirmation-dialog"><div class="confirmation-dialog_messages" tabindex="0"><h4 class="confirmation-dialog_message-headline">Remove This Item From Your Cart?</h4></div><div class="confirmation-dialog_action-container"><div class="confirmation-dialog_confirmation-button"><button class="button button--fourth" tabindex="0" data-product-id="216123" data-cart-log-location="ORGANIC" data-persisted-quantity="undefined" data-price="3.99">OK</button></div><div class="confirmation-dialog_cancel-button"><button class="button button--fourth" tabindex="0" data-product-id="216123">Cancel</button></div></div></div></div></div><div class="confirmation-wrapper" style="display: none;"><div class="confirmation-whitewash"></div></div><img src="./Snacks_Candy_Organic_files/Q8QVZ.jpg" alt="Annie&#39;s Homegrown Fruit Snacks Strawberry/Raspberry/Orange Organic - 5 ct" class="product-grid-cell_main-image" data-block-spinner="true" data-product-id="216123"><div class="product-grid-cell_price-tag"><div class="product-grid-cell_name" role="link" tabindex="0" data-block-spinner="true" data-product-id="216123"><h3 class="product-grid-cell_name-text select-text">Annie's Homegrown Fruit Snacks Strawberry/Raspberry/Orange Organic - 5 ct</h3></div><div class="product-grid-cell_price-container" role="link" data-block-spinner="true" data-product-id="216123"><div class="product-grid-cell_regular-price-container"><span class="product-grid-cell_was" aria-hidden="true"></span><span class="product-grid-cell_regular-price"></span></div><span class="product-grid-cell_main-price select-text">$3.99</span><span class="product-grid-cell_hidden-price"></span></div><span class="product-grid-cell_size select-text" role="link" data-block-spinner="true" data-product-id="216123">4 oz box</span><span data-block-spinner="true" data-product-id="216123"><span class="product-grid-cell_unit select-text"> | $1.00 / oz</span></span><div class="buy-more-save-more_cta-grid-container"></div><div class="add-to-cart"><div class="add-to-cart_button"><button class="button button--add-to-cart" data-product-id="216123" data-price="3.99" data-cart-log-location="ORGANIC" data-persisted-quantity="0" data-other-information="{&quot;catPath&quot;:&quot;1,2543&quot;,&quot;sale&quot;:false,&quot;newArrival&quot;:false,&quot;sponsored&quot;:false,&quot;includeContentTrackingInfo&quot;:true}">Add to Cart</button></div><span class="element-invisible" aria-live="assertive"></span></div></div><div class="spyglass-container"></div></li><li role="region" tabindex="-1" aria-label="Annie&#39;s Homegrown Bunny Grahams Honey Organic" class="product-cell product-grid-cell product-grid-cell--quad" data-id="60-&gt;146129" data-position="59"><div class="confirmation-wrapper confirmation-wrapper--hidden" id="confirmation-wrapper--146129"><div class="confirmation-whitewash"><div class="confirmation-dialog"><div class="confirmation-dialog_messages" tabindex="0"><h4 class="confirmation-dialog_message-headline">Remove This Item From Your Cart?</h4></div><div class="confirmation-dialog_action-container"><div class="confirmation-dialog_confirmation-button"><button class="button button--fourth" tabindex="0" data-product-id="146129" data-cart-log-location="ORGANIC" data-persisted-quantity="undefined" data-price="3.69">OK</button></div><div class="confirmation-dialog_cancel-button"><button class="button button--fourth" tabindex="0" data-product-id="146129">Cancel</button></div></div></div></div></div><div class="confirmation-wrapper" style="display: none;"><div class="confirmation-whitewash"></div></div><img src="./Snacks_Candy_Organic_files/FUF7Y.jpg" alt="Annie&#39;s Homegrown Bunny Grahams Honey Organic" class="product-grid-cell_main-image" data-block-spinner="true" data-product-id="146129"><div class="product-grid-cell_price-tag"><div class="product-grid-cell_name" role="link" tabindex="0" data-block-spinner="true" data-product-id="146129"><h3 class="product-grid-cell_name-text select-text">Annie's Homegrown Bunny Grahams Honey Organic</h3></div><div class="product-grid-cell_price-container" role="link" data-block-spinner="true" data-product-id="146129"><div class="product-grid-cell_regular-price-container"><span class="product-grid-cell_was" aria-hidden="true"></span><span class="product-grid-cell_regular-price"></span></div><span class="product-grid-cell_main-price select-text">$3.69</span><span class="product-grid-cell_hidden-price"></span></div><span class="product-grid-cell_size select-text" role="link" data-block-spinner="true" data-product-id="146129">7.5 oz box</span><span data-block-spinner="true" data-product-id="146129"><span class="product-grid-cell_unit select-text"> | $0.49 / oz</span></span><div class="buy-more-save-more_cta-grid-container"></div><div class="add-to-cart"><div class="add-to-cart_button"><button class="button button--add-to-cart" data-product-id="146129" data-price="3.69" data-cart-log-location="ORGANIC" data-persisted-quantity="0" data-other-information="{&quot;catPath&quot;:&quot;1,2543&quot;,&quot;sale&quot;:false,&quot;newArrival&quot;:false,&quot;sponsored&quot;:false,&quot;includeContentTrackingInfo&quot;:true}">Add to Cart</button></div><span class="element-invisible" aria-live="assertive"></span></div></div><div class="spyglass-container"></div></li><li role="region" tabindex="-1" aria-label="Nature&#39;s Promise Organic Salsa Medium Gluten Free" class="product-cell product-grid-cell product-grid-cell--quad" data-id="61-&gt;136076" data-position="60"><div class="confirmation-wrapper confirmation-wrapper--hidden" id="confirmation-wrapper--136076"><div class="confirmation-whitewash"><div class="confirmation-dialog"><div class="confirmation-dialog_messages" tabindex="0"><h4 class="confirmation-dialog_message-headline">Remove This Item From Your Cart?</h4></div><div class="confirmation-dialog_action-container"><div class="confirmation-dialog_confirmation-button"><button class="button button--fourth" tabindex="0" data-product-id="136076" data-cart-log-location="ORGANIC" data-persisted-quantity="undefined" data-price="3.19">OK</button></div><div class="confirmation-dialog_cancel-button"><button class="button button--fourth" tabindex="0" data-product-id="136076">Cancel</button></div></div></div></div></div><div class="confirmation-wrapper" style="display: none;"><div class="confirmation-whitewash"></div></div><img src="./Snacks_Candy_Organic_files/72NQQ.jpg" alt="Nature&#39;s Promise Organic Salsa Medium Gluten Free" class="product-grid-cell_main-image" data-block-spinner="true" data-product-id="136076"><div class="product-grid-cell_price-tag"><div class="product-grid-cell_name" role="link" tabindex="0" data-block-spinner="true" data-product-id="136076"><h3 class="product-grid-cell_name-text select-text"><span class="vector-icon_inline-text--left"><div class="vector-icon_outer-wrapper"><div class="vector-icon_container vector-icon-size--xsmall"><svg version="1.1" x="0px" y="0px" focusable="false" viewBox="0 0 945 1024" class="" role="presentation" aria-hidden="true"><title>Ahold Wedge Icon</title><desc>Ahold Icon</desc><path d="M1.893 730.617c-1.289-2.094-2.052-4.631-2.052-7.346 0-0.747 0.058-1.481 0.169-2.197 0.158-12.396 10.227-22.466 22.687-22.634l895.306-0c12.476 0.168 22.545 10.237 22.713 22.698-0.521 3.721-1.182 6.924-2.024 10.053l0.131-0.574c-86.363 175.072-263.598 293.385-468.466 293.385s-382.103-118.313-467.105-290.339l-1.361-3.046z" class="path1" fill="rgb(247, 168, 0)"></path><path d="M107.889 132.495c1.893-1.893 1.893-3.786 3.786-5.678 2.98-3.491 7.385-5.69 12.303-5.69s9.323 2.199 12.284 5.668l0.019 0.022 476.983 476.983c3.491 2.98 5.69 7.385 5.69 12.303s-2.199 9.323-5.668 12.284c-1.399 1.869-3.361 3.216-5.631 3.789l-0.069 0.015c-38.446 13.732-82.796 21.669-129.001 21.669-108.416 0-206.626-43.699-277.977-114.443-70.367-71.826-113.809-170.317-113.809-278.955 0-45.803 7.722-89.803 21.936-130.767l-0.845 2.8z" class="path2" fill="rgb(226, 35, 26)"></path><path d="M600.015 1.893c1.247-1.204 2.948-1.946 4.822-1.946 0.302 0 0.6 0.019 0.891 0.057 0.057-0.006 0.164-0.007 0.272-0.007 7.15 0 12.947 5.796 12.947 12.947 0 0.108-0.001 0.215-0.004 0.322l0-0.016v503.482c0.002 0.091 0.004 0.199 0.004 0.306 0 7.15-5.796 12.947-12.947 12.947-0.108 0-0.215-0.001-0.322-0.004-0.241 0.034-0.539 0.053-0.841 0.053-1.874 0-3.574-0.742-4.824-1.948l0.002 0.002c-98.273-48.542-164.673-148.065-164.673-263.098s66.401-214.556 162.964-262.333l1.709-0.765z" class="path3" fill="rgb(113, 33, 119)"></path><path d="M938.824 283.919c1.893 0 1.893 1.893 3.786 1.893 1.765 2.012 2.841 4.666 2.841 7.571s-1.077 5.559-2.853 7.584l0.011-0.013-268.776 266.884c-2.012 1.765-4.666 2.841-7.571 2.841s-5.559-1.077-7.584-2.853c-1.144-0.651-1.911-1.879-1.911-3.285 0-0.172 0.012-0.342 0.034-0.508l-0.002 0.019c-7.681-21.529-12.12-46.363-12.12-72.235 0-61.263 24.891-116.712 65.111-156.786 39.326-39.792 93.895-64.431 154.219-64.431 26.857 0 52.573 4.884 76.309 13.812l-1.494-0.493z" class="path4" fill="rgb(130, 188, 0)"></path></svg></div></div></span>Nature's Promise Organic Salsa Medium Gluten Free</h3></div><div class="product-grid-cell_price-container" role="link" data-block-spinner="true" data-product-id="136076"><div class="product-grid-cell_regular-price-container"><span class="product-grid-cell_was" aria-hidden="true"></span><span class="product-grid-cell_regular-price"></span></div><span class="product-grid-cell_main-price select-text">$3.19</span><span class="product-grid-cell_hidden-price"></span></div><span class="product-grid-cell_size select-text" role="link" data-block-spinner="true" data-product-id="136076">16 oz jar</span><span data-block-spinner="true" data-product-id="136076"><span class="product-grid-cell_unit select-text"> | $0.20 / oz</span></span><div class="buy-more-save-more_cta-grid-container"></div><div class="add-to-cart"><div class="add-to-cart_button"><button class="button button--add-to-cart" data-product-id="136076" data-price="3.19" data-cart-log-location="ORGANIC" data-persisted-quantity="0" data-other-information="{&quot;catPath&quot;:&quot;1,2543&quot;,&quot;sale&quot;:false,&quot;newArrival&quot;:false,&quot;sponsored&quot;:false,&quot;includeContentTrackingInfo&quot;:true}">Add to Cart</button></div><span class="element-invisible" aria-live="assertive"></span></div></div><div class="spyglass-container"></div></li><li><div collection-interweave-item="interwovenContent"><div generic-content-interweave-datasource="" data="interwovenContent.content.content" region="browse_aisles_shelf_content" class=""><div generic-content-region="" region="browse_aisles_shelf_content" interwoven="true"><div><div ng-class="methods.classForRegionSize(regionSize, ! content.model.contentData[ interwovenContent.content.region ], methods.contentLayouts(content.model.contentData[ interwovenContent.content.region ], regionSize).layout.length )" width-variable="regionSize" width-values="widthBreakpoints.defaultBreakpoints" class="generic-content_region-contents--medium"><!----><div ng-class="methods.classForContentItem(contentItem, $last, $first)" ng-repeat="contentItem in methods.contentLayouts(content.model.contentData[ interwovenContent.content.region ], regionSize).layout" class="generic-content_content-item--half-width generic-content_content-item--alpha"><div class="generic-content_renderer" generic-content-renderer="contentItem"><div class="generic-content_renderer-contents" ng-class="{&#39;generic-content_renderer-contents--loading&#39; : state.preloading}" style=""><div ng-switch="" on="contentItem.model[contentItem.renderSize].button.type" ng-class="{ &#39;interweaved-content_trailer interweaved-content_leader&#39;: interwoven }" content-interaction-tracker="" content-module-id="contentItem.data.key" class="interweaved-content_trailer interweaved-content_leader"><!----><a class="content-tile_container" content-compile="" ng-switch-when="internal" ng-click="go(compileVars(contentItem.model[contentItem.renderSize].button.link), contentItem.data.key)" is-route-change="true" href="https://www.peapod.com/" loading="true" block="true" tabindex="0"><div class="content-tile_image-container"><img class="content-tile_image" generic-content-image-preload="" img-id="2183674:PMXLT.jpg" alt="Buy More Save More" src="./Snacks_Candy_Organic_files/PMXLT.jpg"></div><div class="content-tile_copy-container select-text"><div class="content-tile_button"><span class="content-tile_headline" content-compile="contentItem.model[contentItem.renderSize].headline" compile-vars=""><span>View Deals</span></span> <span class="content-tile_body" content-compile="contentItem.model[contentItem.renderSize].body" compile-vars=""></span> <span class="vector-icon_list-arrow-wrapper"><div class="vector-icon_outer-wrapper" svg-id="arrow_carrot-right" svg-class="vector-icon-color--dark-grey" container-class="vector-icon-size--arrow" svg-title="Arrow Icon" svg-description="Icon of arrow" svg-role="presentation" svg-aria-hidden="true"><div class="vector-icon_container vector-icon-size--arrow"><svg version="1.1" x="0px" y="0px" focusable="false" viewBox="0 0 580 1024" class="vector-icon-color--dark-grey" role="presentation" aria-hidden="true"><title>Arrow Icon</title><desc>Icon of arrow</desc><path d="M20.033 1003.967c26.665 26.665 70.012 26.665 96.677 0l443.458-443.458c13.401-13.401 20.101-31.041 19.964-48.544 0-17.64-6.564-35.143-19.964-48.544l-443.458-443.389c-26.665-26.665-70.012-26.665-96.677 0s-26.665 70.012 0 96.677l395.324 395.324-395.324 395.324c-26.665 26.665-26.665 70.012-0 96.609z" class="path1"></path></svg></div></div></span></div></div></a><!----> <!----> <!----> <!----><!----></div></div><div class="generic-content_renderer-animation-container animation-fade ng-hide" ng-hide="!state.preloading" style=""><div width-variable="contentSize" width-observer="contentMethods.contentWidthObserver" width-values="widthBreakpoints.defaultBreakpoints" class="generic-content_renderer-animation generic-content_placeholder--light-grey generic-content_placeholder content-tile_placeholder generic-content_placeholder--light-grey--xsmall generic-content_placeholder--xsmall content-tile_placeholder--xsmall"></div></div></div></div><!----><div ng-class="methods.classForContentItem(contentItem, $last, $first)" ng-repeat="contentItem in methods.contentLayouts(content.model.contentData[ interwovenContent.content.region ], regionSize).layout" class="generic-content_content-item--half-width generic-content_content-item--omega"><div class="generic-content_renderer" generic-content-renderer="contentItem"><div class="generic-content_renderer-contents" ng-class="{&#39;generic-content_renderer-contents--loading&#39; : state.preloading}" style=""><div ng-switch="" on="contentItem.model[contentItem.renderSize].type" content-interaction-tracker="" content-module-id="contentItem.data.key"><!----> <!----> <!----> <!----> <!----><a href="https://www.peapod.com/" content-compile="" ng-click="go(compileVars(contentItem.model[contentItem.renderSize].link), contentItem.data.key)" loading="true" is-route-change="true" block="true" class="new-arrivals-tile_wrapper" ng-switch-when="newArrivals" aria-label="New Arrivals" tabindex="0"><div class="new-arrivals-tile_container new-arrivals-tile_container--blueberry" ng-class="&#39;new-arrivals-tile_container--&#39; + contentItem.config.classSuffixForColorScheme(contentItem.model[contentItem.renderSize].colorScheme)"><div class="new-arrivals-tile_text-container select-text"><div class="new-arrivals-tile_text" aria-hidden="true">New Arrivals</div></div></div></a><!----> <!----> <!----> <!----> <!----> <!----> <!----> <!----> <!----> <!----> <!----> <!----> <!----> <!----> <!----><!----></div></div><div class="generic-content_renderer-animation-container animation-fade ng-hide" ng-hide="!state.preloading" style=""><div width-variable="contentSize" width-observer="contentMethods.contentWidthObserver" width-values="widthBreakpoints.defaultBreakpoints" class="generic-content_renderer-animation generic-content_placeholder generic-content_placeholder--blueberry content-tile_placeholder generic-content_placeholder--xsmall generic-content_placeholder--blueberry--xsmall content-tile_placeholder--xsmall"></div></div></div></div><!----></div></div></div></div></div></li><li role="region" tabindex="-1" aria-label="Clif Energy Bars Cool Mint Chocolate - 12 ct Organic" class="product-cell product-grid-cell product-grid-cell--quad" data-id="63-&gt;161129" data-position="61"><div class="confirmation-wrapper confirmation-wrapper--hidden" id="confirmation-wrapper--161129"><div class="confirmation-whitewash"><div class="confirmation-dialog"><div class="confirmation-dialog_messages" tabindex="0"><h4 class="confirmation-dialog_message-headline">Remove This Item From Your Cart?</h4></div><div class="confirmation-dialog_action-container"><div class="confirmation-dialog_confirmation-button"><button class="button button--fourth" tabindex="0" data-product-id="161129" data-cart-log-location="ORGANIC" data-persisted-quantity="undefined" data-price="13.99">OK</button></div><div class="confirmation-dialog_cancel-button"><button class="button button--fourth" tabindex="0" data-product-id="161129">Cancel</button></div></div></div></div></div><div class="confirmation-wrapper" style="display: none;"><div class="confirmation-whitewash"></div></div><div class="vector-icon_absolute--left vector-icon_absolute--top buy-more-save-more_sticker-outer-container" aria-label="buy more save more" tabindex="0" role="link" data-pod-group="1184440" data-block-spinner="true"><span class="vector-icon_inline-text--left buy-more-save-more_link buy-more-save-more_view-deal-sticker"><div class="vector-icon_outer-wrapper"><div class="vector-icon_container vector-icon-size--xxlarge"><svg version="1.1" x="0px" y="0px" focusable="false" viewBox="0 0 1022 1024" class="vector-icon-color--bmsm" role="presentation" aria-hidden="true"><title>view deal icon</title><desc>vew deal icon</desc><path d="M882.478 520.133c0 179.904-164.594 325.744-367.631 325.744s-367.631-145.841-367.631-325.744c0-179.904 164.594-325.744 367.631-325.744s367.631 145.841 367.631 325.744z" class="path1" fill="rgb(255, 255, 255)"></path><path d="M1004.073 382.272c-40.667-15.047-79.708-29.687-119.968-44.734 14.64-40.667 28.467-80.114 43.107-122.002-44.734 0-86.621 0.407-130.135 0.407-1.627-43.514-2.847-84.994-4.473-129.728-41.074 14.64-80.114 28.874-121.188 43.514-16.674-37.414-33.347-74.421-50.834-113.461-33.347 28.060-64.661 54.901-96.788 82.148-30.094-29.28-59.374-58.154-89.468-87.841-19.52 38.634-37.82 74.421-56.934 111.835-39.041-17.080-76.454-33.754-115.902-51.241-4.88 44.734-9.76 87.028-14.234 129.728-42.701-2.847-83.774-5.287-127.695-7.727 12.2 42.294 23.18 82.554 34.974 124.035-40.667 13.827-79.301 27.247-120.375 41.074 25.62 34.974 50.427 68.321 75.641 102.888-33.347 28.060-65.881 55.307-100.041 83.774 37.82 22.774 73.608 43.921 108.988 65.068-20.334 37.82-40.261 74.421-61.001 112.241 42.701 8.947 84.994 17.894 128.102 26.84-7.32 42.701-14.234 82.554-21.147 124.442 45.141-7.32 85.808-14.234 128.508-21.147 8.947 42.294 17.080 82.148 25.62 124.442 38.634-23.994 74.828-46.767 111.835-69.541 24.807 36.6 47.987 71.168 72.794 107.768 25.62-34.974 50.021-67.914 75.234-101.668 36.194 23.587 70.761 46.361 107.768 70.761 11.387-41.887 22.367-82.148 32.94-122.408 43.921 10.98 84.994 21.147 129.322 32.127-4.473-44.734-8.54-85.808-12.607-128.508 41.074-5.693 81.741-10.98 124.848-17.080-16.267-33.754-30.094-65.474-46.361-95.568-9.353-17.487-8.54-26.84 11.387-35.787 30.094-13.42 58.561-30.5 89.061-46.767-31.72-31.314-61.814-60.187-92.315-90.281 27.247-32.94 53.274-64.254 81.334-97.601z" class="path2" fill="rgb(0, 0, 0)"></path><path d="M286.704 537.214l-85.808-114.275 30.907-8.54 63.441 88.248 7.727-108.581 30.907-8.54-13.014 142.335-34.16 9.353z" class="path3" fill="rgb(255, 255, 255)"></path><path d="M396.912 506.307l-36.194-128.102 27.247-7.727 36.194 128.102-27.247 7.727z" class="path4" fill="rgb(255, 255, 255)"></path><path d="M464.013 487.193l-36.194-128.102 90.688-25.62 6.913 23.994-63.441 17.894 7.727 26.84 62.221-17.487 6.913 23.994-62.221 17.487 8.133 29.28 63.441-17.894 6.913 23.994-91.095 25.62z" class="path5" fill="rgb(255, 255, 255)"></path><path d="M688.496 423.752l-47.174-81.741 2.44 94.348-28.874 8.133-72.794-117.935 30.5-8.54 48.801 86.214-2.033-99.228 21.147-6.1 50.427 85.808-3.66-99.228 30.5-8.54-0.407 138.675-28.874 8.133z" class="path6" fill="rgb(255, 255, 255)"></path><path d="M297.684 713.709l-36.194-128.102 50.427-14.234c40.261-11.387 75.234 6.507 86.214 44.734 10.98 39.041-9.76 71.981-49.614 83.368l-50.834 14.234zM370.478 623.835c-6.507-22.367-25.214-36.194-51.241-28.874l-23.587 6.507 22.774 80.114 23.18-6.507c25.214-6.507 34.974-29.28 28.874-51.241z" class="path7" fill="rgb(255, 255, 255)"></path><path d="M450.186 670.602l-36.194-128.102 90.688-25.62 6.913 23.994-63.441 17.894 7.727 26.84 62.221-17.487 6.913 23.994-62.221 17.487 8.133 29.28 63.441-17.894 6.913 23.994-91.095 25.62z" class="path8" fill="rgb(255, 255, 255)"></path><path d="M665.315 610.008l-14.234-19.52-54.901 15.454-2.033 23.994-30.907 8.54 13.014-142.335 34.16-9.76 85.808 114.275-30.907 9.353zM601.468 518.913l-4.473 61.001 39.854-11.387-35.38-49.614z" class="path9" fill="rgb(255, 255, 255)"></path><path d="M721.843 594.148l-36.194-128.102 27.654-7.727 29.28 104.108 54.087-15.454 6.913 23.994-81.741 23.18z" class="path10" fill="rgb(255, 255, 255)"></path></svg></div></div><span class="element-invisible">View items in deal</span></span></div><img src="./Snacks_Candy_Organic_files/BN7X2.jpg" alt="Clif Energy Bars Cool Mint Chocolate - 12 ct Organic" class="product-grid-cell_main-image" data-block-spinner="true" data-product-id="161129"><div class="product-grid-cell_price-tag overlay--open" tabindex="0" aria-hidden="false"><div class="product-grid-cell_name" role="link" tabindex="0" data-block-spinner="true" data-product-id="161129"><h3 class="product-grid-cell_name-text select-text">Clif Energy Bars Cool Mint Chocolate - 12 ct Organic</h3></div><div class="product-grid-cell_price-container" role="link" data-block-spinner="true" data-product-id="161129"><div class="product-grid-cell_regular-price-container"><span class="product-grid-cell_was" aria-hidden="true"></span><span class="product-grid-cell_regular-price"></span></div><span class="product-grid-cell_main-price select-text">$13.99</span><span class="product-grid-cell_hidden-price"></span></div><span class="product-grid-cell_size select-text" role="link" data-block-spinner="true" data-product-id="161129">28.8 oz box</span><span data-block-spinner="true" data-product-id="161129"><span class="product-grid-cell_unit select-text"> | $0.49 / oz</span></span><div class="buy-more-save-more_cta-grid-container" aria-label="Buy 2 @ $11.99 ea" tabindex="0" role="link" data-pod-group="1184440" data-block-spinner="true"><span class="buy-more-save-more_cta buy-more-save-more_link">Buy 2 @ $11.99 ea<span aria-hidden="true"></span></span></div><div class="add-to-cart"><div class="add-to-cart_button"><button class="button button--add-to-cart" data-product-id="161129" data-price="13.99" data-cart-log-location="ORGANIC" data-persisted-quantity="0" data-other-information="{&quot;catPath&quot;:&quot;1,2543&quot;,&quot;sale&quot;:false,&quot;newArrival&quot;:false,&quot;sponsored&quot;:false,&quot;includeContentTrackingInfo&quot;:true}">Add to Cart</button></div><span class="element-invisible" aria-live="assertive"></span></div></div><div class="product-grid-cell_bulk-buy-container overlay--closed" tabindex="-1" aria-hidden="true"><bulk-buy-scroller other-information="otherInformation" on-close="onCloseBMSMOverlay()" product="product" cart-log-location="cartLogLocation" options="options" product-id="product.prodId"><!----><div ng-class="{&#39;bulk-buy-scroller_container--vertical&#39;: $ctrl.options.bulkBuyVerticalStyle}" class="bulk-buy-scroller_container bulk-buy-scroller_container--vertical" ng-if="$ctrl.shouldShowBulkBuy()"><!----><div class="bulk-buy-scroller_header-container" ng-if="$ctrl.isSIMQ() || (!$ctrl.isSIMQ() &amp;&amp; $ctrl.isShelf()) "><!----><h4 id="bulk-buy-scroller_heading--161129" class="bulk-buy-scroller_heading text-center" ng-class="{
            &#39;bulk-buy-scroller_heading--reverse&#39;: $ctrl.options.bulkBuyReverseStyle,
            &#39;text-center&#39;: $ctrl.isShelf()
        }">Buy More Save More</h4><!----><button ng-if="($ctrl.options.bulkBuyReverseStyle || $ctrl.options.bulkBuyVerticalStyle)" ng-click="$ctrl.close()" ng-class="{
            &#39;bulk-buy-scroller_close-button--reverse&#39;: $ctrl.options.bulkBuyReverseStyle,
            &#39;bulk-buy-scroller_close-button--vertical&#39;: $ctrl.options.bulkBuyVerticalStyle,
            &#39;button--white-no-border&#39;: $ctrl.state.currentQuantity === 0,
            &#39;button--lightest-grey&#39;: $ctrl.state.currentQuantity &gt; 0
            }" class="button bulk-buy-scroller_close-button bulk-buy-scroller_close-button--vertical button--white-no-border" aria-label="Close Promotion Options" tabindex="0"><div class="vector-icon_outer-wrapper" svg-id="icon_close" svg-class="vector-icon-color--dark-grey" container-class="vector-icon-size--xxsmall" svg-title="Close Icon" svg-description="X Icon" svg-role="presentation" svg-aria-hidden="true"><div class="vector-icon_container vector-icon-size--xxsmall"><svg version="1.1" x="0px" y="0px" focusable="false" viewBox="0 0 1024 1024" class="vector-icon-color--dark-grey" role="presentation" aria-hidden="true"><title>Close Icon</title><desc>X Icon</desc><path d="M20.685 1003.315c27.546 27.546 72.397 27.546 99.942 0l391.373-391.373 391.373 391.373c27.546 27.546 72.397 27.546 99.942 0s27.546-72.397 0-99.942l-391.373-391.373 391.373-391.373c27.546-27.546 27.546-72.397 0-99.942s-72.397-27.546-99.942 0l-391.373 391.373-391.373-391.373c-27.546-27.546-72.397-27.546-99.942 0s-27.546 72.397 0 99.942l391.373 391.373-391.373 391.373c-27.597 27.546-27.597 72.397 0 99.942z" class="path1"></path></svg></div></div></button><!----></div><!----><!----><div class="bulk-buy-scroller_mix-match-container bulk-buy-scroller_mix-match-container--vertical" ng-if="!$ctrl.isSIMQ() &amp;&amp; $ctrl.isShelf()" ng-class="{
            &#39;bulk-buy-scroller_mix-match-container--reverse&#39;: $ctrl.options.bulkBuyReverseStyle,
            &#39;bulk-buy-scroller_mix-match-container--vertical&#39;: $ctrl.options.bulkBuyVerticalStyle,
            &#39;bulk-buy-scroller_mix-match-container--normal&#39;: $ctrl.options.bulkBuyNormalStyle
        }"><button class="button bulk-buy-scroller_mix-match-button" ng-click="$ctrl.openProductGroup()" tabindex="0"><span class="bulk-buy-scroller_button-headline">Buy 2 @ $11.99 ea</span> <span class="bulk-buy-scroller_button-cta">Mix &amp; Match Options </span></button></div><!----><!----><!----></div><!----></bulk-buy-scroller><div class="add-to-cart"><div class="add-to-cart_button"><button class="button button--add-to-cart" data-product-id="161129" data-price="13.99" data-cart-log-location="ORGANIC" data-persisted-quantity="0" data-other-information="{&quot;catPath&quot;:&quot;1,2543&quot;,&quot;sale&quot;:false,&quot;newArrival&quot;:false,&quot;sponsored&quot;:false,&quot;includeContentTrackingInfo&quot;:true}">Add to Cart</button></div><span class="element-invisible" aria-live="assertive"></span></div></div><div class="spyglass-container"></div></li><li role="region" tabindex="-1" aria-label="Annie&#39;s Homegrown Snack Mix Cheddar Organic" class="product-cell product-grid-cell product-grid-cell--quad" data-id="64-&gt;158103" data-position="62"><div class="confirmation-wrapper confirmation-wrapper--hidden" id="confirmation-wrapper--158103"><div class="confirmation-whitewash"><div class="confirmation-dialog"><div class="confirmation-dialog_messages" tabindex="0"><h4 class="confirmation-dialog_message-headline">Remove This Item From Your Cart?</h4></div><div class="confirmation-dialog_action-container"><div class="confirmation-dialog_confirmation-button"><button class="button button--fourth" tabindex="0" data-product-id="158103" data-cart-log-location="ORGANIC" data-persisted-quantity="undefined" data-price="4.79">OK</button></div><div class="confirmation-dialog_cancel-button"><button class="button button--fourth" tabindex="0" data-product-id="158103">Cancel</button></div></div></div></div></div><div class="confirmation-wrapper" style="display: none;"><div class="confirmation-whitewash"></div></div><div class="vector-icon_absolute--left vector-icon_absolute--top buy-more-save-more_sticker-outer-container" aria-label="buy more save more" tabindex="0" role="link" data-pod-group="1183946" data-block-spinner="true"><span class="vector-icon_inline-text--left buy-more-save-more_link buy-more-save-more_view-deal-sticker"><div class="vector-icon_outer-wrapper"><div class="vector-icon_container vector-icon-size--xxlarge"><svg version="1.1" x="0px" y="0px" focusable="false" viewBox="0 0 1022 1024" class="vector-icon-color--bmsm" role="presentation" aria-hidden="true"><title>view deal icon</title><desc>vew deal icon</desc><path d="M882.478 520.133c0 179.904-164.594 325.744-367.631 325.744s-367.631-145.841-367.631-325.744c0-179.904 164.594-325.744 367.631-325.744s367.631 145.841 367.631 325.744z" class="path1" fill="rgb(255, 255, 255)"></path><path d="M1004.073 382.272c-40.667-15.047-79.708-29.687-119.968-44.734 14.64-40.667 28.467-80.114 43.107-122.002-44.734 0-86.621 0.407-130.135 0.407-1.627-43.514-2.847-84.994-4.473-129.728-41.074 14.64-80.114 28.874-121.188 43.514-16.674-37.414-33.347-74.421-50.834-113.461-33.347 28.060-64.661 54.901-96.788 82.148-30.094-29.28-59.374-58.154-89.468-87.841-19.52 38.634-37.82 74.421-56.934 111.835-39.041-17.080-76.454-33.754-115.902-51.241-4.88 44.734-9.76 87.028-14.234 129.728-42.701-2.847-83.774-5.287-127.695-7.727 12.2 42.294 23.18 82.554 34.974 124.035-40.667 13.827-79.301 27.247-120.375 41.074 25.62 34.974 50.427 68.321 75.641 102.888-33.347 28.060-65.881 55.307-100.041 83.774 37.82 22.774 73.608 43.921 108.988 65.068-20.334 37.82-40.261 74.421-61.001 112.241 42.701 8.947 84.994 17.894 128.102 26.84-7.32 42.701-14.234 82.554-21.147 124.442 45.141-7.32 85.808-14.234 128.508-21.147 8.947 42.294 17.080 82.148 25.62 124.442 38.634-23.994 74.828-46.767 111.835-69.541 24.807 36.6 47.987 71.168 72.794 107.768 25.62-34.974 50.021-67.914 75.234-101.668 36.194 23.587 70.761 46.361 107.768 70.761 11.387-41.887 22.367-82.148 32.94-122.408 43.921 10.98 84.994 21.147 129.322 32.127-4.473-44.734-8.54-85.808-12.607-128.508 41.074-5.693 81.741-10.98 124.848-17.080-16.267-33.754-30.094-65.474-46.361-95.568-9.353-17.487-8.54-26.84 11.387-35.787 30.094-13.42 58.561-30.5 89.061-46.767-31.72-31.314-61.814-60.187-92.315-90.281 27.247-32.94 53.274-64.254 81.334-97.601z" class="path2" fill="rgb(0, 0, 0)"></path><path d="M286.704 537.214l-85.808-114.275 30.907-8.54 63.441 88.248 7.727-108.581 30.907-8.54-13.014 142.335-34.16 9.353z" class="path3" fill="rgb(255, 255, 255)"></path><path d="M396.912 506.307l-36.194-128.102 27.247-7.727 36.194 128.102-27.247 7.727z" class="path4" fill="rgb(255, 255, 255)"></path><path d="M464.013 487.193l-36.194-128.102 90.688-25.62 6.913 23.994-63.441 17.894 7.727 26.84 62.221-17.487 6.913 23.994-62.221 17.487 8.133 29.28 63.441-17.894 6.913 23.994-91.095 25.62z" class="path5" fill="rgb(255, 255, 255)"></path><path d="M688.496 423.752l-47.174-81.741 2.44 94.348-28.874 8.133-72.794-117.935 30.5-8.54 48.801 86.214-2.033-99.228 21.147-6.1 50.427 85.808-3.66-99.228 30.5-8.54-0.407 138.675-28.874 8.133z" class="path6" fill="rgb(255, 255, 255)"></path><path d="M297.684 713.709l-36.194-128.102 50.427-14.234c40.261-11.387 75.234 6.507 86.214 44.734 10.98 39.041-9.76 71.981-49.614 83.368l-50.834 14.234zM370.478 623.835c-6.507-22.367-25.214-36.194-51.241-28.874l-23.587 6.507 22.774 80.114 23.18-6.507c25.214-6.507 34.974-29.28 28.874-51.241z" class="path7" fill="rgb(255, 255, 255)"></path><path d="M450.186 670.602l-36.194-128.102 90.688-25.62 6.913 23.994-63.441 17.894 7.727 26.84 62.221-17.487 6.913 23.994-62.221 17.487 8.133 29.28 63.441-17.894 6.913 23.994-91.095 25.62z" class="path8" fill="rgb(255, 255, 255)"></path><path d="M665.315 610.008l-14.234-19.52-54.901 15.454-2.033 23.994-30.907 8.54 13.014-142.335 34.16-9.76 85.808 114.275-30.907 9.353zM601.468 518.913l-4.473 61.001 39.854-11.387-35.38-49.614z" class="path9" fill="rgb(255, 255, 255)"></path><path d="M721.843 594.148l-36.194-128.102 27.654-7.727 29.28 104.108 54.087-15.454 6.913 23.994-81.741 23.18z" class="path10" fill="rgb(255, 255, 255)"></path></svg></div></div><span class="element-invisible">View items in deal</span></span></div><img src="./Snacks_Candy_Organic_files/B5RSF.jpg" alt="Annie&#39;s Homegrown Snack Mix Cheddar Organic" class="product-grid-cell_main-image" data-block-spinner="true" data-product-id="158103"><div class="product-grid-cell_price-tag overlay--open" tabindex="0" aria-hidden="false"><div class="product-grid-cell_name" role="link" tabindex="0" data-block-spinner="true" data-product-id="158103"><h3 class="product-grid-cell_name-text select-text">Annie's Homegrown Snack Mix Cheddar Organic</h3></div><div class="product-grid-cell_price-container" role="link" data-block-spinner="true" data-product-id="158103"><div class="product-grid-cell_regular-price-container"><span class="product-grid-cell_was" aria-hidden="true"></span><span class="product-grid-cell_regular-price"></span></div><span class="product-grid-cell_main-price select-text">$4.79</span><span class="product-grid-cell_hidden-price"></span></div><span class="product-grid-cell_size select-text" role="link" data-block-spinner="true" data-product-id="158103">9 oz box</span><span data-block-spinner="true" data-product-id="158103"><span class="product-grid-cell_unit select-text"> | $0.53 / oz</span></span><div class="buy-more-save-more_cta-grid-container" aria-label="Buy 2 @ $4.34 ea" tabindex="0" role="link" data-pod-group="1183946" data-block-spinner="true"><span class="buy-more-save-more_cta buy-more-save-more_link">Buy 2 @ $4.34 ea<span aria-hidden="true"></span></span></div><div class="add-to-cart"><div class="add-to-cart_button"><button class="button button--add-to-cart" data-product-id="158103" data-price="4.79" data-cart-log-location="ORGANIC" data-persisted-quantity="0" data-other-information="{&quot;catPath&quot;:&quot;1,2543&quot;,&quot;sale&quot;:false,&quot;newArrival&quot;:false,&quot;sponsored&quot;:false,&quot;includeContentTrackingInfo&quot;:true}">Add to Cart</button></div><span class="element-invisible" aria-live="assertive"></span></div></div><div class="product-grid-cell_bulk-buy-container overlay--closed" tabindex="-1" aria-hidden="true"><bulk-buy-scroller other-information="otherInformation" on-close="onCloseBMSMOverlay()" product="product" cart-log-location="cartLogLocation" options="options" product-id="product.prodId"><!----><div ng-class="{&#39;bulk-buy-scroller_container--vertical&#39;: $ctrl.options.bulkBuyVerticalStyle}" class="bulk-buy-scroller_container bulk-buy-scroller_container--vertical" ng-if="$ctrl.shouldShowBulkBuy()"><!----><div class="bulk-buy-scroller_header-container" ng-if="$ctrl.isSIMQ() || (!$ctrl.isSIMQ() &amp;&amp; $ctrl.isShelf()) "><!----><h4 id="bulk-buy-scroller_heading--158103" class="bulk-buy-scroller_heading text-center" ng-class="{
            &#39;bulk-buy-scroller_heading--reverse&#39;: $ctrl.options.bulkBuyReverseStyle,
            &#39;text-center&#39;: $ctrl.isShelf()
        }">Buy More Save More</h4><!----><button ng-if="($ctrl.options.bulkBuyReverseStyle || $ctrl.options.bulkBuyVerticalStyle)" ng-click="$ctrl.close()" ng-class="{
            &#39;bulk-buy-scroller_close-button--reverse&#39;: $ctrl.options.bulkBuyReverseStyle,
            &#39;bulk-buy-scroller_close-button--vertical&#39;: $ctrl.options.bulkBuyVerticalStyle,
            &#39;button--white-no-border&#39;: $ctrl.state.currentQuantity === 0,
            &#39;button--lightest-grey&#39;: $ctrl.state.currentQuantity &gt; 0
            }" class="button bulk-buy-scroller_close-button bulk-buy-scroller_close-button--vertical button--white-no-border" aria-label="Close Promotion Options" tabindex="0"><div class="vector-icon_outer-wrapper" svg-id="icon_close" svg-class="vector-icon-color--dark-grey" container-class="vector-icon-size--xxsmall" svg-title="Close Icon" svg-description="X Icon" svg-role="presentation" svg-aria-hidden="true"><div class="vector-icon_container vector-icon-size--xxsmall"><svg version="1.1" x="0px" y="0px" focusable="false" viewBox="0 0 1024 1024" class="vector-icon-color--dark-grey" role="presentation" aria-hidden="true"><title>Close Icon</title><desc>X Icon</desc><path d="M20.685 1003.315c27.546 27.546 72.397 27.546 99.942 0l391.373-391.373 391.373 391.373c27.546 27.546 72.397 27.546 99.942 0s27.546-72.397 0-99.942l-391.373-391.373 391.373-391.373c27.546-27.546 27.546-72.397 0-99.942s-72.397-27.546-99.942 0l-391.373 391.373-391.373-391.373c-27.546-27.546-72.397-27.546-99.942 0s-27.546 72.397 0 99.942l391.373 391.373-391.373 391.373c-27.597 27.546-27.597 72.397 0 99.942z" class="path1"></path></svg></div></div></button><!----></div><!----><!----><div class="bulk-buy-scroller_mix-match-container bulk-buy-scroller_mix-match-container--vertical" ng-if="!$ctrl.isSIMQ() &amp;&amp; $ctrl.isShelf()" ng-class="{
            &#39;bulk-buy-scroller_mix-match-container--reverse&#39;: $ctrl.options.bulkBuyReverseStyle,
            &#39;bulk-buy-scroller_mix-match-container--vertical&#39;: $ctrl.options.bulkBuyVerticalStyle,
            &#39;bulk-buy-scroller_mix-match-container--normal&#39;: $ctrl.options.bulkBuyNormalStyle
        }"><button class="button bulk-buy-scroller_mix-match-button" ng-click="$ctrl.openProductGroup()" tabindex="0"><span class="bulk-buy-scroller_button-headline">Buy 2 @ $4.34 ea</span> <span class="bulk-buy-scroller_button-cta">Mix &amp; Match Options </span></button></div><!----><!----><!----></div><!----></bulk-buy-scroller><div class="add-to-cart"><div class="add-to-cart_button"><button class="button button--add-to-cart" data-product-id="158103" data-price="4.79" data-cart-log-location="ORGANIC" data-persisted-quantity="0" data-other-information="{&quot;catPath&quot;:&quot;1,2543&quot;,&quot;sale&quot;:false,&quot;newArrival&quot;:false,&quot;sponsored&quot;:false,&quot;includeContentTrackingInfo&quot;:true}">Add to Cart</button></div><span class="element-invisible" aria-live="assertive"></span></div></div><div class="spyglass-container"></div></li><li role="region" tabindex="-1" aria-label="Nature&#39;s Promise Organics Microwave Popcorn Slightly Salty" class="product-cell product-grid-cell product-grid-cell--quad" data-id="65-&gt;155126" data-position="63"><div class="confirmation-wrapper confirmation-wrapper--hidden" id="confirmation-wrapper--155126"><div class="confirmation-whitewash"><div class="confirmation-dialog"><div class="confirmation-dialog_messages" tabindex="0"><h4 class="confirmation-dialog_message-headline">Remove This Item From Your Cart?</h4></div><div class="confirmation-dialog_action-container"><div class="confirmation-dialog_confirmation-button"><button class="button button--fourth" tabindex="0" data-product-id="155126" data-cart-log-location="ORGANIC" data-persisted-quantity="undefined" data-price="2.29">OK</button></div><div class="confirmation-dialog_cancel-button"><button class="button button--fourth" tabindex="0" data-product-id="155126">Cancel</button></div></div></div></div></div><div class="confirmation-wrapper" style="display: none;"><div class="confirmation-whitewash"></div></div><img src="./Snacks_Candy_Organic_files/83SYR.jpg" alt="Nature&#39;s Promise Organics Microwave Popcorn Slightly Salty" class="product-grid-cell_main-image" data-block-spinner="true" data-product-id="155126"><div class="product-grid-cell_price-tag"><div class="product-grid-cell_name" role="link" tabindex="0" data-block-spinner="true" data-product-id="155126"><h3 class="product-grid-cell_name-text select-text"><span class="vector-icon_inline-text--left"><div class="vector-icon_outer-wrapper"><div class="vector-icon_container vector-icon-size--xsmall"><svg version="1.1" x="0px" y="0px" focusable="false" viewBox="0 0 945 1024" class="" role="presentation" aria-hidden="true"><title>Ahold Wedge Icon</title><desc>Ahold Icon</desc><path d="M1.893 730.617c-1.289-2.094-2.052-4.631-2.052-7.346 0-0.747 0.058-1.481 0.169-2.197 0.158-12.396 10.227-22.466 22.687-22.634l895.306-0c12.476 0.168 22.545 10.237 22.713 22.698-0.521 3.721-1.182 6.924-2.024 10.053l0.131-0.574c-86.363 175.072-263.598 293.385-468.466 293.385s-382.103-118.313-467.105-290.339l-1.361-3.046z" class="path1" fill="rgb(247, 168, 0)"></path><path d="M107.889 132.495c1.893-1.893 1.893-3.786 3.786-5.678 2.98-3.491 7.385-5.69 12.303-5.69s9.323 2.199 12.284 5.668l0.019 0.022 476.983 476.983c3.491 2.98 5.69 7.385 5.69 12.303s-2.199 9.323-5.668 12.284c-1.399 1.869-3.361 3.216-5.631 3.789l-0.069 0.015c-38.446 13.732-82.796 21.669-129.001 21.669-108.416 0-206.626-43.699-277.977-114.443-70.367-71.826-113.809-170.317-113.809-278.955 0-45.803 7.722-89.803 21.936-130.767l-0.845 2.8z" class="path2" fill="rgb(226, 35, 26)"></path><path d="M600.015 1.893c1.247-1.204 2.948-1.946 4.822-1.946 0.302 0 0.6 0.019 0.891 0.057 0.057-0.006 0.164-0.007 0.272-0.007 7.15 0 12.947 5.796 12.947 12.947 0 0.108-0.001 0.215-0.004 0.322l0-0.016v503.482c0.002 0.091 0.004 0.199 0.004 0.306 0 7.15-5.796 12.947-12.947 12.947-0.108 0-0.215-0.001-0.322-0.004-0.241 0.034-0.539 0.053-0.841 0.053-1.874 0-3.574-0.742-4.824-1.948l0.002 0.002c-98.273-48.542-164.673-148.065-164.673-263.098s66.401-214.556 162.964-262.333l1.709-0.765z" class="path3" fill="rgb(113, 33, 119)"></path><path d="M938.824 283.919c1.893 0 1.893 1.893 3.786 1.893 1.765 2.012 2.841 4.666 2.841 7.571s-1.077 5.559-2.853 7.584l0.011-0.013-268.776 266.884c-2.012 1.765-4.666 2.841-7.571 2.841s-5.559-1.077-7.584-2.853c-1.144-0.651-1.911-1.879-1.911-3.285 0-0.172 0.012-0.342 0.034-0.508l-0.002 0.019c-7.681-21.529-12.12-46.363-12.12-72.235 0-61.263 24.891-116.712 65.111-156.786 39.326-39.792 93.895-64.431 154.219-64.431 26.857 0 52.573 4.884 76.309 13.812l-1.494-0.493z" class="path4" fill="rgb(130, 188, 0)"></path></svg></div></div></span>Nature's Promise Organics Microwave Popcorn Slightly Salty</h3></div><div class="product-grid-cell_price-container" role="link" data-block-spinner="true" data-product-id="155126"><div class="product-grid-cell_regular-price-container"><span class="product-grid-cell_was" aria-hidden="true"></span><span class="product-grid-cell_regular-price"></span></div><span class="product-grid-cell_main-price select-text">$2.29</span><span class="product-grid-cell_hidden-price"></span></div><span class="product-grid-cell_size select-text" role="link" data-block-spinner="true" data-product-id="155126">3 ct box</span><span data-block-spinner="true" data-product-id="155126"><span class="product-grid-cell_unit select-text"> | $0.76 / ea</span></span><div class="buy-more-save-more_cta-grid-container"></div><div class="add-to-cart"><div class="add-to-cart_button"><button class="button button--add-to-cart" data-product-id="155126" data-price="2.29" data-cart-log-location="ORGANIC" data-persisted-quantity="0" data-other-information="{&quot;catPath&quot;:&quot;1,2543&quot;,&quot;sale&quot;:false,&quot;newArrival&quot;:false,&quot;sponsored&quot;:false,&quot;includeContentTrackingInfo&quot;:true}">Add to Cart</button></div><span class="element-invisible" aria-live="assertive"></span></div></div><div class="spyglass-container"></div></li><li role="region" tabindex="-1" aria-label="Newman&#39;s Own Fig Newmans Fruit Filled Cookies Low Fat Organic" class="product-cell product-grid-cell product-grid-cell--quad" data-id="66-&gt;118357" data-position="64"><div class="confirmation-wrapper confirmation-wrapper--hidden" id="confirmation-wrapper--118357"><div class="confirmation-whitewash"><div class="confirmation-dialog"><div class="confirmation-dialog_messages" tabindex="0"><h4 class="confirmation-dialog_message-headline">Remove This Item From Your Cart?</h4></div><div class="confirmation-dialog_action-container"><div class="confirmation-dialog_confirmation-button"><button class="button button--fourth" tabindex="0" data-product-id="118357" data-cart-log-location="ORGANIC" data-persisted-quantity="undefined" data-price="4.79">OK</button></div><div class="confirmation-dialog_cancel-button"><button class="button button--fourth" tabindex="0" data-product-id="118357">Cancel</button></div></div></div></div></div><div class="confirmation-wrapper" style="display: none;"><div class="confirmation-whitewash"></div></div><img src="./Snacks_Candy_Organic_files/H1W44.jpg" alt="Newman&#39;s Own Fig Newmans Fruit Filled Cookies Low Fat Organic" class="product-grid-cell_main-image" data-block-spinner="true" data-product-id="118357"><div class="product-grid-cell_price-tag"><div class="product-grid-cell_name" role="link" tabindex="0" data-block-spinner="true" data-product-id="118357"><h3 class="product-grid-cell_name-text select-text">Newman's Own Fig Newmans Fruit Filled Cookies Low Fat Organic</h3></div><div class="product-grid-cell_price-container" role="link" data-block-spinner="true" data-product-id="118357"><div class="product-grid-cell_regular-price-container"><span class="product-grid-cell_was" aria-hidden="true"></span><span class="product-grid-cell_regular-price"></span></div><span class="product-grid-cell_main-price select-text">$4.79</span><span class="product-grid-cell_hidden-price"></span></div><span class="product-grid-cell_size select-text" role="link" data-block-spinner="true" data-product-id="118357">10 oz pkg</span><span data-block-spinner="true" data-product-id="118357"><span class="product-grid-cell_unit select-text"> | $0.48 / oz</span></span><div class="buy-more-save-more_cta-grid-container"></div><div class="add-to-cart"><div class="add-to-cart_button"><button class="button button--add-to-cart" data-product-id="118357" data-price="4.79" data-cart-log-location="ORGANIC" data-persisted-quantity="0" data-other-information="{&quot;catPath&quot;:&quot;1,2543&quot;,&quot;sale&quot;:false,&quot;newArrival&quot;:false,&quot;sponsored&quot;:false,&quot;includeContentTrackingInfo&quot;:true}">Add to Cart</button></div><span class="element-invisible" aria-live="assertive"></span></div></div><div class="spyglass-container"></div></li><li role="region" tabindex="-1" aria-label="Nature&#39;s Promise Organic Puffs White Cheddar" class="product-cell product-grid-cell product-grid-cell--quad" data-id="67-&gt;136817" data-position="65"><div class="confirmation-wrapper confirmation-wrapper--hidden" id="confirmation-wrapper--136817"><div class="confirmation-whitewash"><div class="confirmation-dialog"><div class="confirmation-dialog_messages" tabindex="0"><h4 class="confirmation-dialog_message-headline">Remove This Item From Your Cart?</h4></div><div class="confirmation-dialog_action-container"><div class="confirmation-dialog_confirmation-button"><button class="button button--fourth" tabindex="0" data-product-id="136817" data-cart-log-location="ORGANIC" data-persisted-quantity="undefined" data-price="3.19">OK</button></div><div class="confirmation-dialog_cancel-button"><button class="button button--fourth" tabindex="0" data-product-id="136817">Cancel</button></div></div></div></div></div><div class="confirmation-wrapper" style="display: none;"><div class="confirmation-whitewash"></div></div><img src="./Snacks_Candy_Organic_files/ZIKNT.jpg" alt="Nature&#39;s Promise Organic Puffs White Cheddar" class="product-grid-cell_main-image" data-block-spinner="true" data-product-id="136817"><div class="product-grid-cell_price-tag"><div class="product-grid-cell_name" role="link" tabindex="0" data-block-spinner="true" data-product-id="136817"><h3 class="product-grid-cell_name-text select-text"><span class="vector-icon_inline-text--left"><div class="vector-icon_outer-wrapper"><div class="vector-icon_container vector-icon-size--xsmall"><svg version="1.1" x="0px" y="0px" focusable="false" viewBox="0 0 945 1024" class="" role="presentation" aria-hidden="true"><title>Ahold Wedge Icon</title><desc>Ahold Icon</desc><path d="M1.893 730.617c-1.289-2.094-2.052-4.631-2.052-7.346 0-0.747 0.058-1.481 0.169-2.197 0.158-12.396 10.227-22.466 22.687-22.634l895.306-0c12.476 0.168 22.545 10.237 22.713 22.698-0.521 3.721-1.182 6.924-2.024 10.053l0.131-0.574c-86.363 175.072-263.598 293.385-468.466 293.385s-382.103-118.313-467.105-290.339l-1.361-3.046z" class="path1" fill="rgb(247, 168, 0)"></path><path d="M107.889 132.495c1.893-1.893 1.893-3.786 3.786-5.678 2.98-3.491 7.385-5.69 12.303-5.69s9.323 2.199 12.284 5.668l0.019 0.022 476.983 476.983c3.491 2.98 5.69 7.385 5.69 12.303s-2.199 9.323-5.668 12.284c-1.399 1.869-3.361 3.216-5.631 3.789l-0.069 0.015c-38.446 13.732-82.796 21.669-129.001 21.669-108.416 0-206.626-43.699-277.977-114.443-70.367-71.826-113.809-170.317-113.809-278.955 0-45.803 7.722-89.803 21.936-130.767l-0.845 2.8z" class="path2" fill="rgb(226, 35, 26)"></path><path d="M600.015 1.893c1.247-1.204 2.948-1.946 4.822-1.946 0.302 0 0.6 0.019 0.891 0.057 0.057-0.006 0.164-0.007 0.272-0.007 7.15 0 12.947 5.796 12.947 12.947 0 0.108-0.001 0.215-0.004 0.322l0-0.016v503.482c0.002 0.091 0.004 0.199 0.004 0.306 0 7.15-5.796 12.947-12.947 12.947-0.108 0-0.215-0.001-0.322-0.004-0.241 0.034-0.539 0.053-0.841 0.053-1.874 0-3.574-0.742-4.824-1.948l0.002 0.002c-98.273-48.542-164.673-148.065-164.673-263.098s66.401-214.556 162.964-262.333l1.709-0.765z" class="path3" fill="rgb(113, 33, 119)"></path><path d="M938.824 283.919c1.893 0 1.893 1.893 3.786 1.893 1.765 2.012 2.841 4.666 2.841 7.571s-1.077 5.559-2.853 7.584l0.011-0.013-268.776 266.884c-2.012 1.765-4.666 2.841-7.571 2.841s-5.559-1.077-7.584-2.853c-1.144-0.651-1.911-1.879-1.911-3.285 0-0.172 0.012-0.342 0.034-0.508l-0.002 0.019c-7.681-21.529-12.12-46.363-12.12-72.235 0-61.263 24.891-116.712 65.111-156.786 39.326-39.792 93.895-64.431 154.219-64.431 26.857 0 52.573 4.884 76.309 13.812l-1.494-0.493z" class="path4" fill="rgb(130, 188, 0)"></path></svg></div></div></span>Nature's Promise Organic Puffs White Cheddar</h3></div><div class="product-grid-cell_price-container" role="link" data-block-spinner="true" data-product-id="136817"><div class="product-grid-cell_regular-price-container"><span class="product-grid-cell_was" aria-hidden="true"></span><span class="product-grid-cell_regular-price"></span></div><span class="product-grid-cell_main-price select-text">$3.19</span><span class="product-grid-cell_hidden-price"></span></div><span class="product-grid-cell_size select-text" role="link" data-block-spinner="true" data-product-id="136817">4 oz bag</span><span data-block-spinner="true" data-product-id="136817"><span class="product-grid-cell_unit select-text"> | $0.80 / oz</span></span><div class="buy-more-save-more_cta-grid-container"></div><div class="add-to-cart"><div class="add-to-cart_button"><button class="button button--add-to-cart" data-product-id="136817" data-price="3.19" data-cart-log-location="ORGANIC" data-persisted-quantity="0" data-other-information="{&quot;catPath&quot;:&quot;1,2543&quot;,&quot;sale&quot;:false,&quot;newArrival&quot;:false,&quot;sponsored&quot;:false,&quot;includeContentTrackingInfo&quot;:true}">Add to Cart</button></div><span class="element-invisible" aria-live="assertive"></span></div></div><div class="spyglass-container"></div></li><li role="region" tabindex="-1" aria-label="Clif Kid ZBaR Energy Snacks S&#39;mores Organic - 6 ct" class="product-cell product-grid-cell product-grid-cell--quad" data-id="68-&gt;164064" data-position="66"><div class="confirmation-wrapper confirmation-wrapper--hidden" id="confirmation-wrapper--164064"><div class="confirmation-whitewash"><div class="confirmation-dialog"><div class="confirmation-dialog_messages" tabindex="0"><h4 class="confirmation-dialog_message-headline">Remove This Item From Your Cart?</h4></div><div class="confirmation-dialog_action-container"><div class="confirmation-dialog_confirmation-button"><button class="button button--fourth" tabindex="0" data-product-id="164064" data-cart-log-location="ORGANIC" data-persisted-quantity="undefined" data-price="4.59">OK</button></div><div class="confirmation-dialog_cancel-button"><button class="button button--fourth" tabindex="0" data-product-id="164064">Cancel</button></div></div></div></div></div><div class="confirmation-wrapper" style="display: none;"><div class="confirmation-whitewash"></div></div><img src="./Snacks_Candy_Organic_files/VKMIW.jpg" alt="Clif Kid ZBaR Energy Snacks S&#39;mores Organic - 6 ct" class="product-grid-cell_main-image" data-block-spinner="true" data-product-id="164064"><div class="product-grid-cell_price-tag"><div class="product-grid-cell_name" role="link" tabindex="0" data-block-spinner="true" data-product-id="164064"><h3 class="product-grid-cell_name-text select-text">Clif Kid ZBaR Energy Snacks S'mores Organic - 6 ct</h3></div><div class="product-grid-cell_price-container" role="link" data-block-spinner="true" data-product-id="164064"><div class="product-grid-cell_regular-price-container"><span class="product-grid-cell_was" aria-hidden="true"></span><span class="product-grid-cell_regular-price"></span></div><span class="product-grid-cell_main-price select-text">$4.59</span><span class="product-grid-cell_hidden-price"></span></div><span class="product-grid-cell_size select-text" role="link" data-block-spinner="true" data-product-id="164064">7.62 oz box</span><span data-block-spinner="true" data-product-id="164064"><span class="product-grid-cell_unit select-text"> | $0.60 / oz</span></span><div class="buy-more-save-more_cta-grid-container"></div><div class="add-to-cart"><div class="add-to-cart_button"><button class="button button--add-to-cart" data-product-id="164064" data-price="4.59" data-cart-log-location="ORGANIC" data-persisted-quantity="0" data-other-information="{&quot;catPath&quot;:&quot;1,2543&quot;,&quot;sale&quot;:false,&quot;newArrival&quot;:false,&quot;sponsored&quot;:false,&quot;includeContentTrackingInfo&quot;:true}">Add to Cart</button></div><span class="element-invisible" aria-live="assertive"></span></div></div><div class="spyglass-container"></div></li><li role="region" tabindex="-1" aria-label="Nature&#39;s Promise Organic Fruit Snacks Strawberry Stars - 6 pk" class="product-cell product-grid-cell product-grid-cell--quad" data-id="69-&gt;219922" data-position="67"><div class="confirmation-wrapper confirmation-wrapper--hidden" id="confirmation-wrapper--219922"><div class="confirmation-whitewash"><div class="confirmation-dialog"><div class="confirmation-dialog_messages" tabindex="0"><h4 class="confirmation-dialog_message-headline">Remove This Item From Your Cart?</h4></div><div class="confirmation-dialog_action-container"><div class="confirmation-dialog_confirmation-button"><button class="button button--fourth" tabindex="0" data-product-id="219922" data-cart-log-location="ORGANIC" data-persisted-quantity="undefined" data-price="2.79">OK</button></div><div class="confirmation-dialog_cancel-button"><button class="button button--fourth" tabindex="0" data-product-id="219922">Cancel</button></div></div></div></div></div><div class="confirmation-wrapper" style="display: none;"><div class="confirmation-whitewash"></div></div><img src="./Snacks_Candy_Organic_files/UEIO4.jpg" alt="Nature&#39;s Promise Organic Fruit Snacks Strawberry Stars - 6 pk" class="product-grid-cell_main-image" data-block-spinner="true" data-product-id="219922"><div class="product-grid-cell_price-tag"><div class="product-grid-cell_name" role="link" tabindex="0" data-block-spinner="true" data-product-id="219922"><h3 class="product-grid-cell_name-text select-text"><span class="vector-icon_inline-text--left"><div class="vector-icon_outer-wrapper"><div class="vector-icon_container vector-icon-size--xsmall"><svg version="1.1" x="0px" y="0px" focusable="false" viewBox="0 0 945 1024" class="" role="presentation" aria-hidden="true"><title>Ahold Wedge Icon</title><desc>Ahold Icon</desc><path d="M1.893 730.617c-1.289-2.094-2.052-4.631-2.052-7.346 0-0.747 0.058-1.481 0.169-2.197 0.158-12.396 10.227-22.466 22.687-22.634l895.306-0c12.476 0.168 22.545 10.237 22.713 22.698-0.521 3.721-1.182 6.924-2.024 10.053l0.131-0.574c-86.363 175.072-263.598 293.385-468.466 293.385s-382.103-118.313-467.105-290.339l-1.361-3.046z" class="path1" fill="rgb(247, 168, 0)"></path><path d="M107.889 132.495c1.893-1.893 1.893-3.786 3.786-5.678 2.98-3.491 7.385-5.69 12.303-5.69s9.323 2.199 12.284 5.668l0.019 0.022 476.983 476.983c3.491 2.98 5.69 7.385 5.69 12.303s-2.199 9.323-5.668 12.284c-1.399 1.869-3.361 3.216-5.631 3.789l-0.069 0.015c-38.446 13.732-82.796 21.669-129.001 21.669-108.416 0-206.626-43.699-277.977-114.443-70.367-71.826-113.809-170.317-113.809-278.955 0-45.803 7.722-89.803 21.936-130.767l-0.845 2.8z" class="path2" fill="rgb(226, 35, 26)"></path><path d="M600.015 1.893c1.247-1.204 2.948-1.946 4.822-1.946 0.302 0 0.6 0.019 0.891 0.057 0.057-0.006 0.164-0.007 0.272-0.007 7.15 0 12.947 5.796 12.947 12.947 0 0.108-0.001 0.215-0.004 0.322l0-0.016v503.482c0.002 0.091 0.004 0.199 0.004 0.306 0 7.15-5.796 12.947-12.947 12.947-0.108 0-0.215-0.001-0.322-0.004-0.241 0.034-0.539 0.053-0.841 0.053-1.874 0-3.574-0.742-4.824-1.948l0.002 0.002c-98.273-48.542-164.673-148.065-164.673-263.098s66.401-214.556 162.964-262.333l1.709-0.765z" class="path3" fill="rgb(113, 33, 119)"></path><path d="M938.824 283.919c1.893 0 1.893 1.893 3.786 1.893 1.765 2.012 2.841 4.666 2.841 7.571s-1.077 5.559-2.853 7.584l0.011-0.013-268.776 266.884c-2.012 1.765-4.666 2.841-7.571 2.841s-5.559-1.077-7.584-2.853c-1.144-0.651-1.911-1.879-1.911-3.285 0-0.172 0.012-0.342 0.034-0.508l-0.002 0.019c-7.681-21.529-12.12-46.363-12.12-72.235 0-61.263 24.891-116.712 65.111-156.786 39.326-39.792 93.895-64.431 154.219-64.431 26.857 0 52.573 4.884 76.309 13.812l-1.494-0.493z" class="path4" fill="rgb(130, 188, 0)"></path></svg></div></div></span>Nature's Promise Organic Fruit Snacks Strawberry Stars - 6 pk</h3></div><div class="product-grid-cell_price-container" role="link" data-block-spinner="true" data-product-id="219922"><div class="product-grid-cell_regular-price-container"><span class="product-grid-cell_was" aria-hidden="true"></span><span class="product-grid-cell_regular-price"></span></div><span class="product-grid-cell_main-price select-text">$2.79</span><span class="product-grid-cell_hidden-price"></span></div><span class="product-grid-cell_size select-text" role="link" data-block-spinner="true" data-product-id="219922">3.8 oz box</span><span data-block-spinner="true" data-product-id="219922"><span class="product-grid-cell_unit select-text"> | $0.73 / oz</span></span><div class="buy-more-save-more_cta-grid-container"></div><div class="add-to-cart"><div class="add-to-cart_button"><button class="button button--add-to-cart" data-product-id="219922" data-price="2.79" data-cart-log-location="ORGANIC" data-persisted-quantity="0" data-other-information="{&quot;catPath&quot;:&quot;1,2543&quot;,&quot;sale&quot;:false,&quot;newArrival&quot;:false,&quot;sponsored&quot;:false,&quot;includeContentTrackingInfo&quot;:true}">Add to Cart</button></div><span class="element-invisible" aria-live="assertive"></span></div></div><div class="spyglass-container"></div></li><li role="region" tabindex="-1" aria-label="Nature&#39;s Promise Organics Ginger Cookies Ginger Snaps" class="product-cell product-grid-cell product-grid-cell--quad" data-id="70-&gt;147647" data-position="68"><div class="confirmation-wrapper confirmation-wrapper--hidden" id="confirmation-wrapper--147647"><div class="confirmation-whitewash"><div class="confirmation-dialog"><div class="confirmation-dialog_messages" tabindex="0"><h4 class="confirmation-dialog_message-headline">Remove This Item From Your Cart?</h4></div><div class="confirmation-dialog_action-container"><div class="confirmation-dialog_confirmation-button"><button class="button button--fourth" tabindex="0" data-product-id="147647" data-cart-log-location="ORGANIC" data-persisted-quantity="undefined" data-price="3.49">OK</button></div><div class="confirmation-dialog_cancel-button"><button class="button button--fourth" tabindex="0" data-product-id="147647">Cancel</button></div></div></div></div></div><div class="confirmation-wrapper" style="display: none;"><div class="confirmation-whitewash"></div></div><img src="./Snacks_Candy_Organic_files/2AG9W.jpg" alt="Nature&#39;s Promise Organics Ginger Cookies Ginger Snaps" class="product-grid-cell_main-image" data-block-spinner="true" data-product-id="147647"><div class="product-grid-cell_price-tag"><div class="product-grid-cell_name" role="link" tabindex="0" data-block-spinner="true" data-product-id="147647"><h3 class="product-grid-cell_name-text select-text"><span class="vector-icon_inline-text--left"><div class="vector-icon_outer-wrapper"><div class="vector-icon_container vector-icon-size--xsmall"><svg version="1.1" x="0px" y="0px" focusable="false" viewBox="0 0 945 1024" class="" role="presentation" aria-hidden="true"><title>Ahold Wedge Icon</title><desc>Ahold Icon</desc><path d="M1.893 730.617c-1.289-2.094-2.052-4.631-2.052-7.346 0-0.747 0.058-1.481 0.169-2.197 0.158-12.396 10.227-22.466 22.687-22.634l895.306-0c12.476 0.168 22.545 10.237 22.713 22.698-0.521 3.721-1.182 6.924-2.024 10.053l0.131-0.574c-86.363 175.072-263.598 293.385-468.466 293.385s-382.103-118.313-467.105-290.339l-1.361-3.046z" class="path1" fill="rgb(247, 168, 0)"></path><path d="M107.889 132.495c1.893-1.893 1.893-3.786 3.786-5.678 2.98-3.491 7.385-5.69 12.303-5.69s9.323 2.199 12.284 5.668l0.019 0.022 476.983 476.983c3.491 2.98 5.69 7.385 5.69 12.303s-2.199 9.323-5.668 12.284c-1.399 1.869-3.361 3.216-5.631 3.789l-0.069 0.015c-38.446 13.732-82.796 21.669-129.001 21.669-108.416 0-206.626-43.699-277.977-114.443-70.367-71.826-113.809-170.317-113.809-278.955 0-45.803 7.722-89.803 21.936-130.767l-0.845 2.8z" class="path2" fill="rgb(226, 35, 26)"></path><path d="M600.015 1.893c1.247-1.204 2.948-1.946 4.822-1.946 0.302 0 0.6 0.019 0.891 0.057 0.057-0.006 0.164-0.007 0.272-0.007 7.15 0 12.947 5.796 12.947 12.947 0 0.108-0.001 0.215-0.004 0.322l0-0.016v503.482c0.002 0.091 0.004 0.199 0.004 0.306 0 7.15-5.796 12.947-12.947 12.947-0.108 0-0.215-0.001-0.322-0.004-0.241 0.034-0.539 0.053-0.841 0.053-1.874 0-3.574-0.742-4.824-1.948l0.002 0.002c-98.273-48.542-164.673-148.065-164.673-263.098s66.401-214.556 162.964-262.333l1.709-0.765z" class="path3" fill="rgb(113, 33, 119)"></path><path d="M938.824 283.919c1.893 0 1.893 1.893 3.786 1.893 1.765 2.012 2.841 4.666 2.841 7.571s-1.077 5.559-2.853 7.584l0.011-0.013-268.776 266.884c-2.012 1.765-4.666 2.841-7.571 2.841s-5.559-1.077-7.584-2.853c-1.144-0.651-1.911-1.879-1.911-3.285 0-0.172 0.012-0.342 0.034-0.508l-0.002 0.019c-7.681-21.529-12.12-46.363-12.12-72.235 0-61.263 24.891-116.712 65.111-156.786 39.326-39.792 93.895-64.431 154.219-64.431 26.857 0 52.573 4.884 76.309 13.812l-1.494-0.493z" class="path4" fill="rgb(130, 188, 0)"></path></svg></div></div></span>Nature's Promise Organics Ginger Cookies Ginger Snaps</h3></div><div class="product-grid-cell_price-container" role="link" data-block-spinner="true" data-product-id="147647"><div class="product-grid-cell_regular-price-container"><span class="product-grid-cell_was" aria-hidden="true"></span><span class="product-grid-cell_regular-price"></span></div><span class="product-grid-cell_main-price select-text">$3.49</span><span class="product-grid-cell_hidden-price"></span></div><span class="product-grid-cell_size select-text" role="link" data-block-spinner="true" data-product-id="147647">10 oz bag</span><span data-block-spinner="true" data-product-id="147647"><span class="product-grid-cell_unit select-text"> | $0.35 / oz</span></span><div class="buy-more-save-more_cta-grid-container"></div><div class="add-to-cart"><div class="add-to-cart_button"><button class="button button--add-to-cart" data-product-id="147647" data-price="3.49" data-cart-log-location="ORGANIC" data-persisted-quantity="0" data-other-information="{&quot;catPath&quot;:&quot;1,2543&quot;,&quot;sale&quot;:false,&quot;newArrival&quot;:false,&quot;sponsored&quot;:false,&quot;includeContentTrackingInfo&quot;:true}">Add to Cart</button></div><span class="element-invisible" aria-live="assertive"></span></div></div><div class="spyglass-container"></div></li><li role="region" tabindex="-1" aria-label="Mary&#39;s Gone Crackers Original Organic" class="product-cell product-grid-cell product-grid-cell--quad" data-id="71-&gt;142586" data-position="69"><div class="confirmation-wrapper confirmation-wrapper--hidden" id="confirmation-wrapper--142586"><div class="confirmation-whitewash"><div class="confirmation-dialog"><div class="confirmation-dialog_messages" tabindex="0"><h4 class="confirmation-dialog_message-headline">Remove This Item From Your Cart?</h4></div><div class="confirmation-dialog_action-container"><div class="confirmation-dialog_confirmation-button"><button class="button button--fourth" tabindex="0" data-product-id="142586" data-cart-log-location="ORGANIC" data-persisted-quantity="undefined" data-price="5.49">OK</button></div><div class="confirmation-dialog_cancel-button"><button class="button button--fourth" tabindex="0" data-product-id="142586">Cancel</button></div></div></div></div></div><div class="confirmation-wrapper" style="display: none;"><div class="confirmation-whitewash"></div></div><img src="./Snacks_Candy_Organic_files/HKMTV.jpg" alt="Mary&#39;s Gone Crackers Original Organic" class="product-grid-cell_main-image" data-block-spinner="true" data-product-id="142586"><div class="product-grid-cell_price-tag"><div class="product-grid-cell_name" role="link" tabindex="0" data-block-spinner="true" data-product-id="142586"><h3 class="product-grid-cell_name-text select-text">Mary's Gone Crackers Original Organic</h3></div><div class="product-grid-cell_price-container" role="link" data-block-spinner="true" data-product-id="142586"><div class="product-grid-cell_regular-price-container"><span class="product-grid-cell_was" aria-hidden="true"></span><span class="product-grid-cell_regular-price"></span></div><span class="product-grid-cell_main-price select-text">$5.49</span><span class="product-grid-cell_hidden-price"></span></div><span class="product-grid-cell_size select-text" role="link" data-block-spinner="true" data-product-id="142586">6.5 oz box</span><span data-block-spinner="true" data-product-id="142586"><span class="product-grid-cell_unit select-text"> | $0.84 / oz</span></span><div class="buy-more-save-more_cta-grid-container"></div><div class="add-to-cart"><div class="add-to-cart_button"><button class="button button--add-to-cart" data-product-id="142586" data-price="5.49" data-cart-log-location="ORGANIC" data-persisted-quantity="0" data-other-information="{&quot;catPath&quot;:&quot;1,2543&quot;,&quot;sale&quot;:false,&quot;newArrival&quot;:false,&quot;sponsored&quot;:false,&quot;includeContentTrackingInfo&quot;:true}">Add to Cart</button></div><span class="element-invisible" aria-live="assertive"></span></div></div><div class="spyglass-container"></div></li><li role="region" tabindex="-1" aria-label="Mary&#39;s Gone Crackers Super Seed Organic" class="product-cell product-grid-cell product-grid-cell--quad" data-id="72-&gt;210298" data-position="70"><div class="confirmation-wrapper confirmation-wrapper--hidden" id="confirmation-wrapper--210298"><div class="confirmation-whitewash"><div class="confirmation-dialog"><div class="confirmation-dialog_messages" tabindex="0"><h4 class="confirmation-dialog_message-headline">Remove This Item From Your Cart?</h4></div><div class="confirmation-dialog_action-container"><div class="confirmation-dialog_confirmation-button"><button class="button button--fourth" tabindex="0" data-product-id="210298" data-cart-log-location="ORGANIC" data-persisted-quantity="undefined" data-price="5.49">OK</button></div><div class="confirmation-dialog_cancel-button"><button class="button button--fourth" tabindex="0" data-product-id="210298">Cancel</button></div></div></div></div></div><div class="confirmation-wrapper" style="display: none;"><div class="confirmation-whitewash"></div></div><img src="./Snacks_Candy_Organic_files/U8ARM.jpg" alt="Mary&#39;s Gone Crackers Super Seed Organic" class="product-grid-cell_main-image" data-block-spinner="true" data-product-id="210298"><div class="product-grid-cell_price-tag"><div class="product-grid-cell_name" role="link" tabindex="0" data-block-spinner="true" data-product-id="210298"><h3 class="product-grid-cell_name-text select-text">Mary's Gone Crackers Super Seed Organic</h3></div><div class="product-grid-cell_price-container" role="link" data-block-spinner="true" data-product-id="210298"><div class="product-grid-cell_regular-price-container"><span class="product-grid-cell_was" aria-hidden="true"></span><span class="product-grid-cell_regular-price"></span></div><span class="product-grid-cell_main-price select-text">$5.49</span><span class="product-grid-cell_hidden-price"></span></div><span class="product-grid-cell_size select-text" role="link" data-block-spinner="true" data-product-id="210298">5.5 oz box</span><span data-block-spinner="true" data-product-id="210298"><span class="product-grid-cell_unit select-text"> | $1.00 / oz</span></span><div class="buy-more-save-more_cta-grid-container"></div><div class="add-to-cart"><div class="add-to-cart_button"><button class="button button--add-to-cart" data-product-id="210298" data-price="5.49" data-cart-log-location="ORGANIC" data-persisted-quantity="0" data-other-information="{&quot;catPath&quot;:&quot;1,2543&quot;,&quot;sale&quot;:false,&quot;newArrival&quot;:false,&quot;sponsored&quot;:false,&quot;includeContentTrackingInfo&quot;:true}">Add to Cart</button></div><span class="element-invisible" aria-live="assertive"></span></div></div><div class="spyglass-container"></div></li><li role="region" tabindex="-1" aria-label="Nature&#39;s Promise Organics Microwave Popcorn Butter Flavor" class="product-cell product-grid-cell product-grid-cell--quad" data-id="73-&gt;174566" data-position="71"><div class="confirmation-wrapper confirmation-wrapper--hidden" id="confirmation-wrapper--174566"><div class="confirmation-whitewash"><div class="confirmation-dialog"><div class="confirmation-dialog_messages" tabindex="0"><h4 class="confirmation-dialog_message-headline">Remove This Item From Your Cart?</h4></div><div class="confirmation-dialog_action-container"><div class="confirmation-dialog_confirmation-button"><button class="button button--fourth" tabindex="0" data-product-id="174566" data-cart-log-location="ORGANIC" data-persisted-quantity="undefined" data-price="2.29">OK</button></div><div class="confirmation-dialog_cancel-button"><button class="button button--fourth" tabindex="0" data-product-id="174566">Cancel</button></div></div></div></div></div><div class="confirmation-wrapper" style="display: none;"><div class="confirmation-whitewash"></div></div><img src="./Snacks_Candy_Organic_files/FBB80.jpg" alt="Nature&#39;s Promise Organics Microwave Popcorn Butter Flavor" class="product-grid-cell_main-image" data-block-spinner="true" data-product-id="174566"><div class="product-grid-cell_price-tag"><div class="product-grid-cell_name" role="link" tabindex="0" data-block-spinner="true" data-product-id="174566"><h3 class="product-grid-cell_name-text select-text"><span class="vector-icon_inline-text--left"><div class="vector-icon_outer-wrapper"><div class="vector-icon_container vector-icon-size--xsmall"><svg version="1.1" x="0px" y="0px" focusable="false" viewBox="0 0 945 1024" class="" role="presentation" aria-hidden="true"><title>Ahold Wedge Icon</title><desc>Ahold Icon</desc><path d="M1.893 730.617c-1.289-2.094-2.052-4.631-2.052-7.346 0-0.747 0.058-1.481 0.169-2.197 0.158-12.396 10.227-22.466 22.687-22.634l895.306-0c12.476 0.168 22.545 10.237 22.713 22.698-0.521 3.721-1.182 6.924-2.024 10.053l0.131-0.574c-86.363 175.072-263.598 293.385-468.466 293.385s-382.103-118.313-467.105-290.339l-1.361-3.046z" class="path1" fill="rgb(247, 168, 0)"></path><path d="M107.889 132.495c1.893-1.893 1.893-3.786 3.786-5.678 2.98-3.491 7.385-5.69 12.303-5.69s9.323 2.199 12.284 5.668l0.019 0.022 476.983 476.983c3.491 2.98 5.69 7.385 5.69 12.303s-2.199 9.323-5.668 12.284c-1.399 1.869-3.361 3.216-5.631 3.789l-0.069 0.015c-38.446 13.732-82.796 21.669-129.001 21.669-108.416 0-206.626-43.699-277.977-114.443-70.367-71.826-113.809-170.317-113.809-278.955 0-45.803 7.722-89.803 21.936-130.767l-0.845 2.8z" class="path2" fill="rgb(226, 35, 26)"></path><path d="M600.015 1.893c1.247-1.204 2.948-1.946 4.822-1.946 0.302 0 0.6 0.019 0.891 0.057 0.057-0.006 0.164-0.007 0.272-0.007 7.15 0 12.947 5.796 12.947 12.947 0 0.108-0.001 0.215-0.004 0.322l0-0.016v503.482c0.002 0.091 0.004 0.199 0.004 0.306 0 7.15-5.796 12.947-12.947 12.947-0.108 0-0.215-0.001-0.322-0.004-0.241 0.034-0.539 0.053-0.841 0.053-1.874 0-3.574-0.742-4.824-1.948l0.002 0.002c-98.273-48.542-164.673-148.065-164.673-263.098s66.401-214.556 162.964-262.333l1.709-0.765z" class="path3" fill="rgb(113, 33, 119)"></path><path d="M938.824 283.919c1.893 0 1.893 1.893 3.786 1.893 1.765 2.012 2.841 4.666 2.841 7.571s-1.077 5.559-2.853 7.584l0.011-0.013-268.776 266.884c-2.012 1.765-4.666 2.841-7.571 2.841s-5.559-1.077-7.584-2.853c-1.144-0.651-1.911-1.879-1.911-3.285 0-0.172 0.012-0.342 0.034-0.508l-0.002 0.019c-7.681-21.529-12.12-46.363-12.12-72.235 0-61.263 24.891-116.712 65.111-156.786 39.326-39.792 93.895-64.431 154.219-64.431 26.857 0 52.573 4.884 76.309 13.812l-1.494-0.493z" class="path4" fill="rgb(130, 188, 0)"></path></svg></div></div></span>Nature's Promise Organics Microwave Popcorn Butter Flavor</h3></div><div class="product-grid-cell_price-container" role="link" data-block-spinner="true" data-product-id="174566"><div class="product-grid-cell_regular-price-container"><span class="product-grid-cell_was" aria-hidden="true"></span><span class="product-grid-cell_regular-price"></span></div><span class="product-grid-cell_main-price select-text">$2.29</span><span class="product-grid-cell_hidden-price"></span></div><span class="product-grid-cell_size select-text" role="link" data-block-spinner="true" data-product-id="174566">3 ct box</span><span data-block-spinner="true" data-product-id="174566"><span class="product-grid-cell_unit select-text"> | $0.76 / ea</span></span><div class="buy-more-save-more_cta-grid-container"></div><div class="add-to-cart"><div class="add-to-cart_button"><button class="button button--add-to-cart" data-product-id="174566" data-price="2.29" data-cart-log-location="ORGANIC" data-persisted-quantity="0" data-other-information="{&quot;catPath&quot;:&quot;1,2543&quot;,&quot;sale&quot;:false,&quot;newArrival&quot;:false,&quot;sponsored&quot;:false,&quot;includeContentTrackingInfo&quot;:true}">Add to Cart</button></div><span class="element-invisible" aria-live="assertive"></span></div></div><div class="spyglass-container"></div></li><li role="region" tabindex="-1" aria-label="Annie&#39;s Homegrown Bunny Fruit Snacks Tropical Treat Organic - 5 ct" class="product-cell product-grid-cell product-grid-cell--quad" data-id="74-&gt;201837" data-position="72"><div class="confirmation-wrapper confirmation-wrapper--hidden" id="confirmation-wrapper--201837"><div class="confirmation-whitewash"><div class="confirmation-dialog"><div class="confirmation-dialog_messages" tabindex="0"><h4 class="confirmation-dialog_message-headline">Remove This Item From Your Cart?</h4></div><div class="confirmation-dialog_action-container"><div class="confirmation-dialog_confirmation-button"><button class="button button--fourth" tabindex="0" data-product-id="201837" data-cart-log-location="ORGANIC" data-persisted-quantity="undefined" data-price="3.99">OK</button></div><div class="confirmation-dialog_cancel-button"><button class="button button--fourth" tabindex="0" data-product-id="201837">Cancel</button></div></div></div></div></div><div class="confirmation-wrapper" style="display: none;"><div class="confirmation-whitewash"></div></div><img src="./Snacks_Candy_Organic_files/PB2LJ.jpg" alt="Annie&#39;s Homegrown Bunny Fruit Snacks Tropical Treat Organic - 5 ct" class="product-grid-cell_main-image" data-block-spinner="true" data-product-id="201837"><div class="product-grid-cell_price-tag"><div class="product-grid-cell_name" role="link" tabindex="0" data-block-spinner="true" data-product-id="201837"><h3 class="product-grid-cell_name-text select-text">Annie's Homegrown Bunny Fruit Snacks Tropical Treat Organic - 5 ct</h3></div><div class="product-grid-cell_price-container" role="link" data-block-spinner="true" data-product-id="201837"><div class="product-grid-cell_regular-price-container"><span class="product-grid-cell_was" aria-hidden="true"></span><span class="product-grid-cell_regular-price"></span></div><span class="product-grid-cell_main-price select-text">$3.99</span><span class="product-grid-cell_hidden-price"></span></div><span class="product-grid-cell_size select-text" role="link" data-block-spinner="true" data-product-id="201837">4 oz box</span><span data-block-spinner="true" data-product-id="201837"><span class="product-grid-cell_unit select-text"> | $1.00 / oz</span></span><div class="buy-more-save-more_cta-grid-container"></div><div class="add-to-cart"><div class="add-to-cart_button"><button class="button button--add-to-cart" data-product-id="201837" data-price="3.99" data-cart-log-location="ORGANIC" data-persisted-quantity="0" data-other-information="{&quot;catPath&quot;:&quot;1,2543&quot;,&quot;sale&quot;:false,&quot;newArrival&quot;:false,&quot;sponsored&quot;:false,&quot;includeContentTrackingInfo&quot;:true}">Add to Cart</button></div><span class="element-invisible" aria-live="assertive"></span></div></div><div class="spyglass-container"></div></li><li role="region" tabindex="-1" aria-label="Nature&#39;s Promise Organic Granola Fruit &amp; Nut" class="product-cell product-grid-cell product-grid-cell--quad" data-id="75-&gt;164065" data-position="73"><div class="confirmation-wrapper confirmation-wrapper--hidden" id="confirmation-wrapper--164065"><div class="confirmation-whitewash"><div class="confirmation-dialog"><div class="confirmation-dialog_messages" tabindex="0"><h4 class="confirmation-dialog_message-headline">Remove This Item From Your Cart?</h4></div><div class="confirmation-dialog_action-container"><div class="confirmation-dialog_confirmation-button"><button class="button button--fourth" tabindex="0" data-product-id="164065" data-cart-log-location="ORGANIC" data-persisted-quantity="undefined" data-price="4.59">OK</button></div><div class="confirmation-dialog_cancel-button"><button class="button button--fourth" tabindex="0" data-product-id="164065">Cancel</button></div></div></div></div></div><div class="confirmation-wrapper" style="display: none;"><div class="confirmation-whitewash"></div></div><img src="./Snacks_Candy_Organic_files/GDYES.jpg" alt="Nature&#39;s Promise Organic Granola Fruit &amp; Nut" class="product-grid-cell_main-image" data-block-spinner="true" data-product-id="164065"><div class="product-grid-cell_price-tag"><div class="product-grid-cell_name" role="link" tabindex="0" data-block-spinner="true" data-product-id="164065"><h3 class="product-grid-cell_name-text select-text"><span class="vector-icon_inline-text--left"><div class="vector-icon_outer-wrapper"><div class="vector-icon_container vector-icon-size--xsmall"><svg version="1.1" x="0px" y="0px" focusable="false" viewBox="0 0 945 1024" class="" role="presentation" aria-hidden="true"><title>Ahold Wedge Icon</title><desc>Ahold Icon</desc><path d="M1.893 730.617c-1.289-2.094-2.052-4.631-2.052-7.346 0-0.747 0.058-1.481 0.169-2.197 0.158-12.396 10.227-22.466 22.687-22.634l895.306-0c12.476 0.168 22.545 10.237 22.713 22.698-0.521 3.721-1.182 6.924-2.024 10.053l0.131-0.574c-86.363 175.072-263.598 293.385-468.466 293.385s-382.103-118.313-467.105-290.339l-1.361-3.046z" class="path1" fill="rgb(247, 168, 0)"></path><path d="M107.889 132.495c1.893-1.893 1.893-3.786 3.786-5.678 2.98-3.491 7.385-5.69 12.303-5.69s9.323 2.199 12.284 5.668l0.019 0.022 476.983 476.983c3.491 2.98 5.69 7.385 5.69 12.303s-2.199 9.323-5.668 12.284c-1.399 1.869-3.361 3.216-5.631 3.789l-0.069 0.015c-38.446 13.732-82.796 21.669-129.001 21.669-108.416 0-206.626-43.699-277.977-114.443-70.367-71.826-113.809-170.317-113.809-278.955 0-45.803 7.722-89.803 21.936-130.767l-0.845 2.8z" class="path2" fill="rgb(226, 35, 26)"></path><path d="M600.015 1.893c1.247-1.204 2.948-1.946 4.822-1.946 0.302 0 0.6 0.019 0.891 0.057 0.057-0.006 0.164-0.007 0.272-0.007 7.15 0 12.947 5.796 12.947 12.947 0 0.108-0.001 0.215-0.004 0.322l0-0.016v503.482c0.002 0.091 0.004 0.199 0.004 0.306 0 7.15-5.796 12.947-12.947 12.947-0.108 0-0.215-0.001-0.322-0.004-0.241 0.034-0.539 0.053-0.841 0.053-1.874 0-3.574-0.742-4.824-1.948l0.002 0.002c-98.273-48.542-164.673-148.065-164.673-263.098s66.401-214.556 162.964-262.333l1.709-0.765z" class="path3" fill="rgb(113, 33, 119)"></path><path d="M938.824 283.919c1.893 0 1.893 1.893 3.786 1.893 1.765 2.012 2.841 4.666 2.841 7.571s-1.077 5.559-2.853 7.584l0.011-0.013-268.776 266.884c-2.012 1.765-4.666 2.841-7.571 2.841s-5.559-1.077-7.584-2.853c-1.144-0.651-1.911-1.879-1.911-3.285 0-0.172 0.012-0.342 0.034-0.508l-0.002 0.019c-7.681-21.529-12.12-46.363-12.12-72.235 0-61.263 24.891-116.712 65.111-156.786 39.326-39.792 93.895-64.431 154.219-64.431 26.857 0 52.573 4.884 76.309 13.812l-1.494-0.493z" class="path4" fill="rgb(130, 188, 0)"></path></svg></div></div></span>Nature's Promise Organic Granola Fruit &amp; Nut</h3></div><div class="product-grid-cell_price-container" role="link" data-block-spinner="true" data-product-id="164065"><div class="product-grid-cell_regular-price-container"><span class="product-grid-cell_was" aria-hidden="true"></span><span class="product-grid-cell_regular-price"></span></div><span class="product-grid-cell_main-price select-text">$4.59</span><span class="product-grid-cell_hidden-price"></span></div><span class="product-grid-cell_size select-text" role="link" data-block-spinner="true" data-product-id="164065">12 oz bag</span><span data-block-spinner="true" data-product-id="164065"><span class="product-grid-cell_unit select-text"> | $0.38 / oz</span></span><div class="buy-more-save-more_cta-grid-container"></div><div class="add-to-cart"><div class="add-to-cart_button"><button class="button button--add-to-cart" data-product-id="164065" data-price="4.59" data-cart-log-location="ORGANIC" data-persisted-quantity="0" data-other-information="{&quot;catPath&quot;:&quot;1,2543&quot;,&quot;sale&quot;:false,&quot;newArrival&quot;:false,&quot;sponsored&quot;:false,&quot;includeContentTrackingInfo&quot;:true}">Add to Cart</button></div><span class="element-invisible" aria-live="assertive"></span></div></div><div class="spyglass-container"></div></li><li role="region" tabindex="-1" aria-label="Cascadian Farm Fruit &amp; Nut Granola Organic" class="product-cell product-grid-cell product-grid-cell--quad" data-id="76-&gt;163367" data-position="74"><div class="confirmation-wrapper confirmation-wrapper--hidden" id="confirmation-wrapper--163367"><div class="confirmation-whitewash"><div class="confirmation-dialog"><div class="confirmation-dialog_messages" tabindex="0"><h4 class="confirmation-dialog_message-headline">Remove This Item From Your Cart?</h4></div><div class="confirmation-dialog_action-container"><div class="confirmation-dialog_confirmation-button"><button class="button button--fourth" tabindex="0" data-product-id="163367" data-cart-log-location="ORGANIC" data-persisted-quantity="undefined" data-price="4.19">OK</button></div><div class="confirmation-dialog_cancel-button"><button class="button button--fourth" tabindex="0" data-product-id="163367">Cancel</button></div></div></div></div></div><div class="confirmation-wrapper" style="display: none;"><div class="confirmation-whitewash"></div></div><div class="vector-icon_absolute--left vector-icon_absolute--top buy-more-save-more_sticker-outer-container" aria-label="buy more save more" tabindex="0" role="link" data-pod-group="1188673" data-block-spinner="true"><span class="vector-icon_inline-text--left buy-more-save-more_link buy-more-save-more_view-deal-sticker"><div class="vector-icon_outer-wrapper"><div class="vector-icon_container vector-icon-size--xxlarge"><svg version="1.1" x="0px" y="0px" focusable="false" viewBox="0 0 1022 1024" class="vector-icon-color--bmsm" role="presentation" aria-hidden="true"><title>view deal icon</title><desc>vew deal icon</desc><path d="M882.478 520.133c0 179.904-164.594 325.744-367.631 325.744s-367.631-145.841-367.631-325.744c0-179.904 164.594-325.744 367.631-325.744s367.631 145.841 367.631 325.744z" class="path1" fill="rgb(255, 255, 255)"></path><path d="M1004.073 382.272c-40.667-15.047-79.708-29.687-119.968-44.734 14.64-40.667 28.467-80.114 43.107-122.002-44.734 0-86.621 0.407-130.135 0.407-1.627-43.514-2.847-84.994-4.473-129.728-41.074 14.64-80.114 28.874-121.188 43.514-16.674-37.414-33.347-74.421-50.834-113.461-33.347 28.060-64.661 54.901-96.788 82.148-30.094-29.28-59.374-58.154-89.468-87.841-19.52 38.634-37.82 74.421-56.934 111.835-39.041-17.080-76.454-33.754-115.902-51.241-4.88 44.734-9.76 87.028-14.234 129.728-42.701-2.847-83.774-5.287-127.695-7.727 12.2 42.294 23.18 82.554 34.974 124.035-40.667 13.827-79.301 27.247-120.375 41.074 25.62 34.974 50.427 68.321 75.641 102.888-33.347 28.060-65.881 55.307-100.041 83.774 37.82 22.774 73.608 43.921 108.988 65.068-20.334 37.82-40.261 74.421-61.001 112.241 42.701 8.947 84.994 17.894 128.102 26.84-7.32 42.701-14.234 82.554-21.147 124.442 45.141-7.32 85.808-14.234 128.508-21.147 8.947 42.294 17.080 82.148 25.62 124.442 38.634-23.994 74.828-46.767 111.835-69.541 24.807 36.6 47.987 71.168 72.794 107.768 25.62-34.974 50.021-67.914 75.234-101.668 36.194 23.587 70.761 46.361 107.768 70.761 11.387-41.887 22.367-82.148 32.94-122.408 43.921 10.98 84.994 21.147 129.322 32.127-4.473-44.734-8.54-85.808-12.607-128.508 41.074-5.693 81.741-10.98 124.848-17.080-16.267-33.754-30.094-65.474-46.361-95.568-9.353-17.487-8.54-26.84 11.387-35.787 30.094-13.42 58.561-30.5 89.061-46.767-31.72-31.314-61.814-60.187-92.315-90.281 27.247-32.94 53.274-64.254 81.334-97.601z" class="path2" fill="rgb(0, 0, 0)"></path><path d="M286.704 537.214l-85.808-114.275 30.907-8.54 63.441 88.248 7.727-108.581 30.907-8.54-13.014 142.335-34.16 9.353z" class="path3" fill="rgb(255, 255, 255)"></path><path d="M396.912 506.307l-36.194-128.102 27.247-7.727 36.194 128.102-27.247 7.727z" class="path4" fill="rgb(255, 255, 255)"></path><path d="M464.013 487.193l-36.194-128.102 90.688-25.62 6.913 23.994-63.441 17.894 7.727 26.84 62.221-17.487 6.913 23.994-62.221 17.487 8.133 29.28 63.441-17.894 6.913 23.994-91.095 25.62z" class="path5" fill="rgb(255, 255, 255)"></path><path d="M688.496 423.752l-47.174-81.741 2.44 94.348-28.874 8.133-72.794-117.935 30.5-8.54 48.801 86.214-2.033-99.228 21.147-6.1 50.427 85.808-3.66-99.228 30.5-8.54-0.407 138.675-28.874 8.133z" class="path6" fill="rgb(255, 255, 255)"></path><path d="M297.684 713.709l-36.194-128.102 50.427-14.234c40.261-11.387 75.234 6.507 86.214 44.734 10.98 39.041-9.76 71.981-49.614 83.368l-50.834 14.234zM370.478 623.835c-6.507-22.367-25.214-36.194-51.241-28.874l-23.587 6.507 22.774 80.114 23.18-6.507c25.214-6.507 34.974-29.28 28.874-51.241z" class="path7" fill="rgb(255, 255, 255)"></path><path d="M450.186 670.602l-36.194-128.102 90.688-25.62 6.913 23.994-63.441 17.894 7.727 26.84 62.221-17.487 6.913 23.994-62.221 17.487 8.133 29.28 63.441-17.894 6.913 23.994-91.095 25.62z" class="path8" fill="rgb(255, 255, 255)"></path><path d="M665.315 610.008l-14.234-19.52-54.901 15.454-2.033 23.994-30.907 8.54 13.014-142.335 34.16-9.76 85.808 114.275-30.907 9.353zM601.468 518.913l-4.473 61.001 39.854-11.387-35.38-49.614z" class="path9" fill="rgb(255, 255, 255)"></path><path d="M721.843 594.148l-36.194-128.102 27.654-7.727 29.28 104.108 54.087-15.454 6.913 23.994-81.741 23.18z" class="path10" fill="rgb(255, 255, 255)"></path></svg></div></div><span class="element-invisible">View items in deal</span></span></div><img src="./Snacks_Candy_Organic_files/MKTE1.png" alt="Cascadian Farm Fruit &amp; Nut Granola Organic" class="product-grid-cell_main-image" data-block-spinner="true" data-product-id="163367"><div class="product-grid-cell_price-tag overlay--open" tabindex="0" aria-hidden="false"><div class="product-grid-cell_name" role="link" tabindex="0" data-block-spinner="true" data-product-id="163367"><h3 class="product-grid-cell_name-text select-text">Cascadian Farm Fruit &amp; Nut Granola Organic</h3></div><div class="product-grid-cell_price-container" role="link" data-block-spinner="true" data-product-id="163367"><div class="product-grid-cell_regular-price-container"><span class="product-grid-cell_was" aria-hidden="true"></span><span class="product-grid-cell_regular-price"></span></div><span class="product-grid-cell_main-price select-text">$4.19</span><span class="product-grid-cell_hidden-price"></span></div><span class="product-grid-cell_size select-text" role="link" data-block-spinner="true" data-product-id="163367">13.5 oz box</span><span data-block-spinner="true" data-product-id="163367"><span class="product-grid-cell_unit select-text"> | $0.31 / oz</span></span><div class="buy-more-save-more_cta-grid-container" aria-label="Buy 3 @ $3.00 ea" tabindex="0" role="link" data-pod-group="1188673" data-block-spinner="true"><span class="buy-more-save-more_cta buy-more-save-more_link">Buy 3 @ $3.00 ea<span aria-hidden="true"></span></span></div><div class="add-to-cart"><div class="add-to-cart_button"><button class="button button--add-to-cart" data-product-id="163367" data-price="4.19" data-cart-log-location="ORGANIC" data-persisted-quantity="0" data-other-information="{&quot;catPath&quot;:&quot;1,2543&quot;,&quot;sale&quot;:false,&quot;newArrival&quot;:false,&quot;sponsored&quot;:false,&quot;includeContentTrackingInfo&quot;:true}">Add to Cart</button></div><span class="element-invisible" aria-live="assertive"></span></div></div><div class="product-grid-cell_bulk-buy-container overlay--closed" tabindex="-1" aria-hidden="true"><bulk-buy-scroller other-information="otherInformation" on-close="onCloseBMSMOverlay()" product="product" cart-log-location="cartLogLocation" options="options" product-id="product.prodId"><!----><div ng-class="{&#39;bulk-buy-scroller_container--vertical&#39;: $ctrl.options.bulkBuyVerticalStyle}" class="bulk-buy-scroller_container bulk-buy-scroller_container--vertical" ng-if="$ctrl.shouldShowBulkBuy()"><!----><div class="bulk-buy-scroller_header-container" ng-if="$ctrl.isSIMQ() || (!$ctrl.isSIMQ() &amp;&amp; $ctrl.isShelf()) "><!----><h4 id="bulk-buy-scroller_heading--163367" class="bulk-buy-scroller_heading text-center" ng-class="{
            &#39;bulk-buy-scroller_heading--reverse&#39;: $ctrl.options.bulkBuyReverseStyle,
            &#39;text-center&#39;: $ctrl.isShelf()
        }">Buy More Save More</h4><!----><button ng-if="($ctrl.options.bulkBuyReverseStyle || $ctrl.options.bulkBuyVerticalStyle)" ng-click="$ctrl.close()" ng-class="{
            &#39;bulk-buy-scroller_close-button--reverse&#39;: $ctrl.options.bulkBuyReverseStyle,
            &#39;bulk-buy-scroller_close-button--vertical&#39;: $ctrl.options.bulkBuyVerticalStyle,
            &#39;button--white-no-border&#39;: $ctrl.state.currentQuantity === 0,
            &#39;button--lightest-grey&#39;: $ctrl.state.currentQuantity &gt; 0
            }" class="button bulk-buy-scroller_close-button bulk-buy-scroller_close-button--vertical button--white-no-border" aria-label="Close Promotion Options" tabindex="0"><div class="vector-icon_outer-wrapper" svg-id="icon_close" svg-class="vector-icon-color--dark-grey" container-class="vector-icon-size--xxsmall" svg-title="Close Icon" svg-description="X Icon" svg-role="presentation" svg-aria-hidden="true"><div class="vector-icon_container vector-icon-size--xxsmall"><svg version="1.1" x="0px" y="0px" focusable="false" viewBox="0 0 1024 1024" class="vector-icon-color--dark-grey" role="presentation" aria-hidden="true"><title>Close Icon</title><desc>X Icon</desc><path d="M20.685 1003.315c27.546 27.546 72.397 27.546 99.942 0l391.373-391.373 391.373 391.373c27.546 27.546 72.397 27.546 99.942 0s27.546-72.397 0-99.942l-391.373-391.373 391.373-391.373c27.546-27.546 27.546-72.397 0-99.942s-72.397-27.546-99.942 0l-391.373 391.373-391.373-391.373c-27.546-27.546-72.397-27.546-99.942 0s-27.546 72.397 0 99.942l391.373 391.373-391.373 391.373c-27.597 27.546-27.597 72.397 0 99.942z" class="path1"></path></svg></div></div></button><!----></div><!----><!----><div class="bulk-buy-scroller_mix-match-container bulk-buy-scroller_mix-match-container--vertical" ng-if="!$ctrl.isSIMQ() &amp;&amp; $ctrl.isShelf()" ng-class="{
            &#39;bulk-buy-scroller_mix-match-container--reverse&#39;: $ctrl.options.bulkBuyReverseStyle,
            &#39;bulk-buy-scroller_mix-match-container--vertical&#39;: $ctrl.options.bulkBuyVerticalStyle,
            &#39;bulk-buy-scroller_mix-match-container--normal&#39;: $ctrl.options.bulkBuyNormalStyle
        }"><button class="button bulk-buy-scroller_mix-match-button" ng-click="$ctrl.openProductGroup()" tabindex="0"><span class="bulk-buy-scroller_button-headline">Buy 3 @ $3.00 ea</span> <span class="bulk-buy-scroller_button-cta">Mix &amp; Match Options </span></button></div><!----><!----><!----></div><!----></bulk-buy-scroller><div class="add-to-cart"><div class="add-to-cart_button"><button class="button button--add-to-cart" data-product-id="163367" data-price="4.19" data-cart-log-location="ORGANIC" data-persisted-quantity="0" data-other-information="{&quot;catPath&quot;:&quot;1,2543&quot;,&quot;sale&quot;:false,&quot;newArrival&quot;:false,&quot;sponsored&quot;:false,&quot;includeContentTrackingInfo&quot;:true}">Add to Cart</button></div><span class="element-invisible" aria-live="assertive"></span></div></div><div class="spyglass-container"></div></li><li role="region" tabindex="-1" aria-label="Annie&#39;s Homegrown Chocolate Chip Cookie Bites Organic" class="product-cell product-grid-cell product-grid-cell--quad" data-id="77-&gt;222223" data-position="75"><div class="confirmation-wrapper confirmation-wrapper--hidden" id="confirmation-wrapper--222223"><div class="confirmation-whitewash"><div class="confirmation-dialog"><div class="confirmation-dialog_messages" tabindex="0"><h4 class="confirmation-dialog_message-headline">Remove This Item From Your Cart?</h4></div><div class="confirmation-dialog_action-container"><div class="confirmation-dialog_confirmation-button"><button class="button button--fourth" tabindex="0" data-product-id="222223" data-cart-log-location="ORGANIC" data-persisted-quantity="undefined" data-price="3.49">OK</button></div><div class="confirmation-dialog_cancel-button"><button class="button button--fourth" tabindex="0" data-product-id="222223">Cancel</button></div></div></div></div></div><div class="confirmation-wrapper" style="display: none;"><div class="confirmation-whitewash"></div></div><img src="./Snacks_Candy_Organic_files/IOV37.jpg" alt="Annie&#39;s Homegrown Chocolate Chip Cookie Bites Organic" class="product-grid-cell_main-image" data-block-spinner="true" data-product-id="222223"><div class="product-grid-cell_price-tag"><div class="product-grid-cell_name" role="link" tabindex="0" data-block-spinner="true" data-product-id="222223"><h3 class="product-grid-cell_name-text select-text">Annie's Homegrown Chocolate Chip Cookie Bites Organic</h3></div><div class="product-grid-cell_price-container" role="link" data-block-spinner="true" data-product-id="222223"><div class="product-grid-cell_regular-price-container"><span class="product-grid-cell_was" aria-hidden="true"></span><span class="product-grid-cell_regular-price"></span></div><span class="product-grid-cell_main-price select-text">$3.49</span><span class="product-grid-cell_hidden-price"></span></div><span class="product-grid-cell_size select-text" role="link" data-block-spinner="true" data-product-id="222223">6.5 oz box</span><span data-block-spinner="true" data-product-id="222223"><span class="product-grid-cell_unit select-text"> | $0.54 / oz</span></span><div class="buy-more-save-more_cta-grid-container"></div><div class="add-to-cart"><div class="add-to-cart_button"><button class="button button--add-to-cart" data-product-id="222223" data-price="3.49" data-cart-log-location="ORGANIC" data-persisted-quantity="0" data-other-information="{&quot;catPath&quot;:&quot;1,2543&quot;,&quot;sale&quot;:false,&quot;newArrival&quot;:false,&quot;sponsored&quot;:false,&quot;includeContentTrackingInfo&quot;:true}">Add to Cart</button></div><span class="element-invisible" aria-live="assertive"></span></div></div><div class="spyglass-container"></div></li><li role="region" tabindex="-1" aria-label="Cascadian Farm Granola Dark Chocolate Almond Organic" class="product-cell product-grid-cell product-grid-cell--quad" data-id="78-&gt;168706" data-position="76"><div class="confirmation-wrapper confirmation-wrapper--hidden" id="confirmation-wrapper--168706"><div class="confirmation-whitewash"><div class="confirmation-dialog"><div class="confirmation-dialog_messages" tabindex="0"><h4 class="confirmation-dialog_message-headline">Remove This Item From Your Cart?</h4></div><div class="confirmation-dialog_action-container"><div class="confirmation-dialog_confirmation-button"><button class="button button--fourth" tabindex="0" data-product-id="168706" data-cart-log-location="ORGANIC" data-persisted-quantity="undefined" data-price="4.19">OK</button></div><div class="confirmation-dialog_cancel-button"><button class="button button--fourth" tabindex="0" data-product-id="168706">Cancel</button></div></div></div></div></div><div class="confirmation-wrapper" style="display: none;"><div class="confirmation-whitewash"></div></div><div class="vector-icon_absolute--left vector-icon_absolute--top buy-more-save-more_sticker-outer-container" aria-label="buy more save more" tabindex="0" role="link" data-pod-group="1188673" data-block-spinner="true"><span class="vector-icon_inline-text--left buy-more-save-more_link buy-more-save-more_view-deal-sticker"><div class="vector-icon_outer-wrapper"><div class="vector-icon_container vector-icon-size--xxlarge"><svg version="1.1" x="0px" y="0px" focusable="false" viewBox="0 0 1022 1024" class="vector-icon-color--bmsm" role="presentation" aria-hidden="true"><title>view deal icon</title><desc>vew deal icon</desc><path d="M882.478 520.133c0 179.904-164.594 325.744-367.631 325.744s-367.631-145.841-367.631-325.744c0-179.904 164.594-325.744 367.631-325.744s367.631 145.841 367.631 325.744z" class="path1" fill="rgb(255, 255, 255)"></path><path d="M1004.073 382.272c-40.667-15.047-79.708-29.687-119.968-44.734 14.64-40.667 28.467-80.114 43.107-122.002-44.734 0-86.621 0.407-130.135 0.407-1.627-43.514-2.847-84.994-4.473-129.728-41.074 14.64-80.114 28.874-121.188 43.514-16.674-37.414-33.347-74.421-50.834-113.461-33.347 28.060-64.661 54.901-96.788 82.148-30.094-29.28-59.374-58.154-89.468-87.841-19.52 38.634-37.82 74.421-56.934 111.835-39.041-17.080-76.454-33.754-115.902-51.241-4.88 44.734-9.76 87.028-14.234 129.728-42.701-2.847-83.774-5.287-127.695-7.727 12.2 42.294 23.18 82.554 34.974 124.035-40.667 13.827-79.301 27.247-120.375 41.074 25.62 34.974 50.427 68.321 75.641 102.888-33.347 28.060-65.881 55.307-100.041 83.774 37.82 22.774 73.608 43.921 108.988 65.068-20.334 37.82-40.261 74.421-61.001 112.241 42.701 8.947 84.994 17.894 128.102 26.84-7.32 42.701-14.234 82.554-21.147 124.442 45.141-7.32 85.808-14.234 128.508-21.147 8.947 42.294 17.080 82.148 25.62 124.442 38.634-23.994 74.828-46.767 111.835-69.541 24.807 36.6 47.987 71.168 72.794 107.768 25.62-34.974 50.021-67.914 75.234-101.668 36.194 23.587 70.761 46.361 107.768 70.761 11.387-41.887 22.367-82.148 32.94-122.408 43.921 10.98 84.994 21.147 129.322 32.127-4.473-44.734-8.54-85.808-12.607-128.508 41.074-5.693 81.741-10.98 124.848-17.080-16.267-33.754-30.094-65.474-46.361-95.568-9.353-17.487-8.54-26.84 11.387-35.787 30.094-13.42 58.561-30.5 89.061-46.767-31.72-31.314-61.814-60.187-92.315-90.281 27.247-32.94 53.274-64.254 81.334-97.601z" class="path2" fill="rgb(0, 0, 0)"></path><path d="M286.704 537.214l-85.808-114.275 30.907-8.54 63.441 88.248 7.727-108.581 30.907-8.54-13.014 142.335-34.16 9.353z" class="path3" fill="rgb(255, 255, 255)"></path><path d="M396.912 506.307l-36.194-128.102 27.247-7.727 36.194 128.102-27.247 7.727z" class="path4" fill="rgb(255, 255, 255)"></path><path d="M464.013 487.193l-36.194-128.102 90.688-25.62 6.913 23.994-63.441 17.894 7.727 26.84 62.221-17.487 6.913 23.994-62.221 17.487 8.133 29.28 63.441-17.894 6.913 23.994-91.095 25.62z" class="path5" fill="rgb(255, 255, 255)"></path><path d="M688.496 423.752l-47.174-81.741 2.44 94.348-28.874 8.133-72.794-117.935 30.5-8.54 48.801 86.214-2.033-99.228 21.147-6.1 50.427 85.808-3.66-99.228 30.5-8.54-0.407 138.675-28.874 8.133z" class="path6" fill="rgb(255, 255, 255)"></path><path d="M297.684 713.709l-36.194-128.102 50.427-14.234c40.261-11.387 75.234 6.507 86.214 44.734 10.98 39.041-9.76 71.981-49.614 83.368l-50.834 14.234zM370.478 623.835c-6.507-22.367-25.214-36.194-51.241-28.874l-23.587 6.507 22.774 80.114 23.18-6.507c25.214-6.507 34.974-29.28 28.874-51.241z" class="path7" fill="rgb(255, 255, 255)"></path><path d="M450.186 670.602l-36.194-128.102 90.688-25.62 6.913 23.994-63.441 17.894 7.727 26.84 62.221-17.487 6.913 23.994-62.221 17.487 8.133 29.28 63.441-17.894 6.913 23.994-91.095 25.62z" class="path8" fill="rgb(255, 255, 255)"></path><path d="M665.315 610.008l-14.234-19.52-54.901 15.454-2.033 23.994-30.907 8.54 13.014-142.335 34.16-9.76 85.808 114.275-30.907 9.353zM601.468 518.913l-4.473 61.001 39.854-11.387-35.38-49.614z" class="path9" fill="rgb(255, 255, 255)"></path><path d="M721.843 594.148l-36.194-128.102 27.654-7.727 29.28 104.108 54.087-15.454 6.913 23.994-81.741 23.18z" class="path10" fill="rgb(255, 255, 255)"></path></svg></div></div><span class="element-invisible">View items in deal</span></span></div><img src="./Snacks_Candy_Organic_files/QL2TI.jpg" alt="Cascadian Farm Granola Dark Chocolate Almond Organic" class="product-grid-cell_main-image" data-block-spinner="true" data-product-id="168706"><div class="product-grid-cell_price-tag overlay--open" tabindex="0" aria-hidden="false"><div class="product-grid-cell_name" role="link" tabindex="0" data-block-spinner="true" data-product-id="168706"><h3 class="product-grid-cell_name-text select-text">Cascadian Farm Granola Dark Chocolate Almond Organic</h3></div><div class="product-grid-cell_price-container" role="link" data-block-spinner="true" data-product-id="168706"><div class="product-grid-cell_regular-price-container"><span class="product-grid-cell_was" aria-hidden="true"></span><span class="product-grid-cell_regular-price"></span></div><span class="product-grid-cell_main-price select-text">$4.19</span><span class="product-grid-cell_hidden-price"></span></div><span class="product-grid-cell_size select-text" role="link" data-block-spinner="true" data-product-id="168706">13.2 oz box</span><span data-block-spinner="true" data-product-id="168706"><span class="product-grid-cell_unit select-text"> | $0.32 / oz</span></span><div class="buy-more-save-more_cta-grid-container" aria-label="Buy 3 @ $3.00 ea" tabindex="0" role="link" data-pod-group="1188673" data-block-spinner="true"><span class="buy-more-save-more_cta buy-more-save-more_link">Buy 3 @ $3.00 ea<span aria-hidden="true"></span></span></div><div class="add-to-cart"><div class="add-to-cart_button"><button class="button button--add-to-cart" data-product-id="168706" data-price="4.19" data-cart-log-location="ORGANIC" data-persisted-quantity="0" data-other-information="{&quot;catPath&quot;:&quot;1,2543&quot;,&quot;sale&quot;:false,&quot;newArrival&quot;:false,&quot;sponsored&quot;:false,&quot;includeContentTrackingInfo&quot;:true}">Add to Cart</button></div><span class="element-invisible" aria-live="assertive"></span></div></div><div class="product-grid-cell_bulk-buy-container overlay--closed" tabindex="-1" aria-hidden="true"><bulk-buy-scroller other-information="otherInformation" on-close="onCloseBMSMOverlay()" product="product" cart-log-location="cartLogLocation" options="options" product-id="product.prodId"><!----><div ng-class="{&#39;bulk-buy-scroller_container--vertical&#39;: $ctrl.options.bulkBuyVerticalStyle}" class="bulk-buy-scroller_container bulk-buy-scroller_container--vertical" ng-if="$ctrl.shouldShowBulkBuy()"><!----><div class="bulk-buy-scroller_header-container" ng-if="$ctrl.isSIMQ() || (!$ctrl.isSIMQ() &amp;&amp; $ctrl.isShelf()) "><!----><h4 id="bulk-buy-scroller_heading--168706" class="bulk-buy-scroller_heading text-center" ng-class="{
            &#39;bulk-buy-scroller_heading--reverse&#39;: $ctrl.options.bulkBuyReverseStyle,
            &#39;text-center&#39;: $ctrl.isShelf()
        }">Buy More Save More</h4><!----><button ng-if="($ctrl.options.bulkBuyReverseStyle || $ctrl.options.bulkBuyVerticalStyle)" ng-click="$ctrl.close()" ng-class="{
            &#39;bulk-buy-scroller_close-button--reverse&#39;: $ctrl.options.bulkBuyReverseStyle,
            &#39;bulk-buy-scroller_close-button--vertical&#39;: $ctrl.options.bulkBuyVerticalStyle,
            &#39;button--white-no-border&#39;: $ctrl.state.currentQuantity === 0,
            &#39;button--lightest-grey&#39;: $ctrl.state.currentQuantity &gt; 0
            }" class="button bulk-buy-scroller_close-button bulk-buy-scroller_close-button--vertical button--white-no-border" aria-label="Close Promotion Options" tabindex="0"><div class="vector-icon_outer-wrapper" svg-id="icon_close" svg-class="vector-icon-color--dark-grey" container-class="vector-icon-size--xxsmall" svg-title="Close Icon" svg-description="X Icon" svg-role="presentation" svg-aria-hidden="true"><div class="vector-icon_container vector-icon-size--xxsmall"><svg version="1.1" x="0px" y="0px" focusable="false" viewBox="0 0 1024 1024" class="vector-icon-color--dark-grey" role="presentation" aria-hidden="true"><title>Close Icon</title><desc>X Icon</desc><path d="M20.685 1003.315c27.546 27.546 72.397 27.546 99.942 0l391.373-391.373 391.373 391.373c27.546 27.546 72.397 27.546 99.942 0s27.546-72.397 0-99.942l-391.373-391.373 391.373-391.373c27.546-27.546 27.546-72.397 0-99.942s-72.397-27.546-99.942 0l-391.373 391.373-391.373-391.373c-27.546-27.546-72.397-27.546-99.942 0s-27.546 72.397 0 99.942l391.373 391.373-391.373 391.373c-27.597 27.546-27.597 72.397 0 99.942z" class="path1"></path></svg></div></div></button><!----></div><!----><!----><div class="bulk-buy-scroller_mix-match-container bulk-buy-scroller_mix-match-container--vertical" ng-if="!$ctrl.isSIMQ() &amp;&amp; $ctrl.isShelf()" ng-class="{
            &#39;bulk-buy-scroller_mix-match-container--reverse&#39;: $ctrl.options.bulkBuyReverseStyle,
            &#39;bulk-buy-scroller_mix-match-container--vertical&#39;: $ctrl.options.bulkBuyVerticalStyle,
            &#39;bulk-buy-scroller_mix-match-container--normal&#39;: $ctrl.options.bulkBuyNormalStyle
        }"><button class="button bulk-buy-scroller_mix-match-button" ng-click="$ctrl.openProductGroup()" tabindex="0"><span class="bulk-buy-scroller_button-headline">Buy 3 @ $3.00 ea</span> <span class="bulk-buy-scroller_button-cta">Mix &amp; Match Options </span></button></div><!----><!----><!----></div><!----></bulk-buy-scroller><div class="add-to-cart"><div class="add-to-cart_button"><button class="button button--add-to-cart" data-product-id="168706" data-price="4.19" data-cart-log-location="ORGANIC" data-persisted-quantity="0" data-other-information="{&quot;catPath&quot;:&quot;1,2543&quot;,&quot;sale&quot;:false,&quot;newArrival&quot;:false,&quot;sponsored&quot;:false,&quot;includeContentTrackingInfo&quot;:true}">Add to Cart</button></div><span class="element-invisible" aria-live="assertive"></span></div></div><div class="spyglass-container"></div></li><li role="region" tabindex="-1" aria-label="Purely Elizabeth Ancient Grain Granola Original Organic" class="product-cell product-grid-cell product-grid-cell--quad" data-id="79-&gt;222758" data-position="77"><div class="confirmation-wrapper confirmation-wrapper--hidden" id="confirmation-wrapper--222758"><div class="confirmation-whitewash"><div class="confirmation-dialog"><div class="confirmation-dialog_messages" tabindex="0"><h4 class="confirmation-dialog_message-headline">Remove This Item From Your Cart?</h4></div><div class="confirmation-dialog_action-container"><div class="confirmation-dialog_confirmation-button"><button class="button button--fourth" tabindex="0" data-product-id="222758" data-cart-log-location="ORGANIC" data-persisted-quantity="undefined" data-price="5.99">OK</button></div><div class="confirmation-dialog_cancel-button"><button class="button button--fourth" tabindex="0" data-product-id="222758">Cancel</button></div></div></div></div></div><div class="confirmation-wrapper" style="display: none;"><div class="confirmation-whitewash"></div></div><img src="./Snacks_Candy_Organic_files/ISDWH.jpg" alt="Purely Elizabeth Ancient Grain Granola Original Organic" class="product-grid-cell_main-image" data-block-spinner="true" data-product-id="222758"><div class="product-grid-cell_price-tag"><div class="product-grid-cell_name" role="link" tabindex="0" data-block-spinner="true" data-product-id="222758"><h3 class="product-grid-cell_name-text select-text">Purely Elizabeth Ancient Grain Granola Original Organic</h3></div><div class="product-grid-cell_price-container" role="link" data-block-spinner="true" data-product-id="222758"><div class="product-grid-cell_regular-price-container"><span class="product-grid-cell_was" aria-hidden="true"></span><span class="product-grid-cell_regular-price"></span></div><span class="product-grid-cell_main-price select-text">$5.99</span><span class="product-grid-cell_hidden-price"></span></div><span class="product-grid-cell_size select-text" role="link" data-block-spinner="true" data-product-id="222758">12 oz pkg</span><span data-block-spinner="true" data-product-id="222758"><span class="product-grid-cell_unit select-text"> | $0.50 / oz</span></span><div class="buy-more-save-more_cta-grid-container"></div><div class="add-to-cart"><div class="add-to-cart_button"><button class="button button--add-to-cart" data-product-id="222758" data-price="5.99" data-cart-log-location="ORGANIC" data-persisted-quantity="0" data-other-information="{&quot;catPath&quot;:&quot;1,2543&quot;,&quot;sale&quot;:false,&quot;newArrival&quot;:false,&quot;sponsored&quot;:false,&quot;includeContentTrackingInfo&quot;:true}">Add to Cart</button></div><span class="element-invisible" aria-live="assertive"></span></div></div><div class="spyglass-container"></div></li><li role="region" tabindex="-1" aria-label="Annie&#39;s Homegrown Honey Graham Crackers Organic" class="product-cell product-grid-cell product-grid-cell--quad" data-id="80-&gt;203948" data-position="78"><div class="confirmation-wrapper confirmation-wrapper--hidden" id="confirmation-wrapper--203948"><div class="confirmation-whitewash"><div class="confirmation-dialog"><div class="confirmation-dialog_messages" tabindex="0"><h4 class="confirmation-dialog_message-headline">Remove This Item From Your Cart?</h4></div><div class="confirmation-dialog_action-container"><div class="confirmation-dialog_confirmation-button"><button class="button button--fourth" tabindex="0" data-product-id="203948" data-cart-log-location="ORGANIC" data-persisted-quantity="undefined" data-price="4.99">OK</button></div><div class="confirmation-dialog_cancel-button"><button class="button button--fourth" tabindex="0" data-product-id="203948">Cancel</button></div></div></div></div></div><div class="confirmation-wrapper" style="display: none;"><div class="confirmation-whitewash"></div></div><img src="./Snacks_Candy_Organic_files/LYUNR.jpg" alt="Annie&#39;s Homegrown Honey Graham Crackers Organic" class="product-grid-cell_main-image" data-block-spinner="true" data-product-id="203948"><div class="product-grid-cell_price-tag"><div class="product-grid-cell_name" role="link" tabindex="0" data-block-spinner="true" data-product-id="203948"><h3 class="product-grid-cell_name-text select-text">Annie's Homegrown Honey Graham Crackers Organic</h3></div><div class="product-grid-cell_price-container" role="link" data-block-spinner="true" data-product-id="203948"><div class="product-grid-cell_regular-price-container"><span class="product-grid-cell_was" aria-hidden="true"></span><span class="product-grid-cell_regular-price"></span></div><span class="product-grid-cell_main-price select-text">$4.99</span><span class="product-grid-cell_hidden-price"></span></div><span class="product-grid-cell_size select-text" role="link" data-block-spinner="true" data-product-id="203948">14.4 oz box</span><span data-block-spinner="true" data-product-id="203948"><span class="product-grid-cell_unit select-text"> | $0.35 / oz</span></span><div class="buy-more-save-more_cta-grid-container"></div><div class="add-to-cart"><div class="add-to-cart_button"><button class="button button--add-to-cart" data-product-id="203948" data-price="4.99" data-cart-log-location="ORGANIC" data-persisted-quantity="0" data-other-information="{&quot;catPath&quot;:&quot;1,2543&quot;,&quot;sale&quot;:false,&quot;newArrival&quot;:false,&quot;sponsored&quot;:false,&quot;includeContentTrackingInfo&quot;:true}">Add to Cart</button></div><span class="element-invisible" aria-live="assertive"></span></div></div><div class="spyglass-container"></div></li><li role="region" tabindex="-1" aria-label="Nature&#39;s Promise Organic Graham Bears Honey" class="product-cell product-grid-cell product-grid-cell--quad" data-id="81-&gt;148936" data-position="79"><div class="confirmation-wrapper confirmation-wrapper--hidden" id="confirmation-wrapper--148936"><div class="confirmation-whitewash"><div class="confirmation-dialog"><div class="confirmation-dialog_messages" tabindex="0"><h4 class="confirmation-dialog_message-headline">Remove This Item From Your Cart?</h4></div><div class="confirmation-dialog_action-container"><div class="confirmation-dialog_confirmation-button"><button class="button button--fourth" tabindex="0" data-product-id="148936" data-cart-log-location="ORGANIC" data-persisted-quantity="undefined" data-price="2.69">OK</button></div><div class="confirmation-dialog_cancel-button"><button class="button button--fourth" tabindex="0" data-product-id="148936">Cancel</button></div></div></div></div></div><div class="confirmation-wrapper" style="display: none;"><div class="confirmation-whitewash"></div></div><img src="./Snacks_Candy_Organic_files/COAD5.jpg" alt="Nature&#39;s Promise Organic Graham Bears Honey" class="product-grid-cell_main-image" data-block-spinner="true" data-product-id="148936"><div class="product-grid-cell_price-tag"><div class="product-grid-cell_name" role="link" tabindex="0" data-block-spinner="true" data-product-id="148936"><h3 class="product-grid-cell_name-text select-text"><span class="vector-icon_inline-text--left"><div class="vector-icon_outer-wrapper"><div class="vector-icon_container vector-icon-size--xsmall"><svg version="1.1" x="0px" y="0px" focusable="false" viewBox="0 0 945 1024" class="" role="presentation" aria-hidden="true"><title>Ahold Wedge Icon</title><desc>Ahold Icon</desc><path d="M1.893 730.617c-1.289-2.094-2.052-4.631-2.052-7.346 0-0.747 0.058-1.481 0.169-2.197 0.158-12.396 10.227-22.466 22.687-22.634l895.306-0c12.476 0.168 22.545 10.237 22.713 22.698-0.521 3.721-1.182 6.924-2.024 10.053l0.131-0.574c-86.363 175.072-263.598 293.385-468.466 293.385s-382.103-118.313-467.105-290.339l-1.361-3.046z" class="path1" fill="rgb(247, 168, 0)"></path><path d="M107.889 132.495c1.893-1.893 1.893-3.786 3.786-5.678 2.98-3.491 7.385-5.69 12.303-5.69s9.323 2.199 12.284 5.668l0.019 0.022 476.983 476.983c3.491 2.98 5.69 7.385 5.69 12.303s-2.199 9.323-5.668 12.284c-1.399 1.869-3.361 3.216-5.631 3.789l-0.069 0.015c-38.446 13.732-82.796 21.669-129.001 21.669-108.416 0-206.626-43.699-277.977-114.443-70.367-71.826-113.809-170.317-113.809-278.955 0-45.803 7.722-89.803 21.936-130.767l-0.845 2.8z" class="path2" fill="rgb(226, 35, 26)"></path><path d="M600.015 1.893c1.247-1.204 2.948-1.946 4.822-1.946 0.302 0 0.6 0.019 0.891 0.057 0.057-0.006 0.164-0.007 0.272-0.007 7.15 0 12.947 5.796 12.947 12.947 0 0.108-0.001 0.215-0.004 0.322l0-0.016v503.482c0.002 0.091 0.004 0.199 0.004 0.306 0 7.15-5.796 12.947-12.947 12.947-0.108 0-0.215-0.001-0.322-0.004-0.241 0.034-0.539 0.053-0.841 0.053-1.874 0-3.574-0.742-4.824-1.948l0.002 0.002c-98.273-48.542-164.673-148.065-164.673-263.098s66.401-214.556 162.964-262.333l1.709-0.765z" class="path3" fill="rgb(113, 33, 119)"></path><path d="M938.824 283.919c1.893 0 1.893 1.893 3.786 1.893 1.765 2.012 2.841 4.666 2.841 7.571s-1.077 5.559-2.853 7.584l0.011-0.013-268.776 266.884c-2.012 1.765-4.666 2.841-7.571 2.841s-5.559-1.077-7.584-2.853c-1.144-0.651-1.911-1.879-1.911-3.285 0-0.172 0.012-0.342 0.034-0.508l-0.002 0.019c-7.681-21.529-12.12-46.363-12.12-72.235 0-61.263 24.891-116.712 65.111-156.786 39.326-39.792 93.895-64.431 154.219-64.431 26.857 0 52.573 4.884 76.309 13.812l-1.494-0.493z" class="path4" fill="rgb(130, 188, 0)"></path></svg></div></div></span>Nature's Promise Organic Graham Bears Honey</h3></div><div class="product-grid-cell_price-container" role="link" data-block-spinner="true" data-product-id="148936"><div class="product-grid-cell_regular-price-container"><span class="product-grid-cell_was" aria-hidden="true"></span><span class="product-grid-cell_regular-price"></span></div><span class="product-grid-cell_main-price select-text">$2.69</span><span class="product-grid-cell_hidden-price"></span></div><span class="product-grid-cell_size select-text" role="link" data-block-spinner="true" data-product-id="148936">8 oz bag</span><span data-block-spinner="true" data-product-id="148936"><span class="product-grid-cell_unit select-text"> | $0.34 / oz</span></span><div class="buy-more-save-more_cta-grid-container"></div><div class="add-to-cart"><div class="add-to-cart_button"><button class="button button--add-to-cart" data-product-id="148936" data-price="2.69" data-cart-log-location="ORGANIC" data-persisted-quantity="0" data-other-information="{&quot;catPath&quot;:&quot;1,2543&quot;,&quot;sale&quot;:false,&quot;newArrival&quot;:false,&quot;sponsored&quot;:false,&quot;includeContentTrackingInfo&quot;:true}">Add to Cart</button></div><span class="element-invisible" aria-live="assertive"></span></div></div><div class="spyglass-container"></div></li><li role="region" tabindex="-1" aria-label="Nature&#39;s Promise Granola Vanilla Almond Organic" class="product-cell product-grid-cell product-grid-cell--quad" data-id="82-&gt;164066" data-position="80"><div class="confirmation-wrapper confirmation-wrapper--hidden" id="confirmation-wrapper--164066"><div class="confirmation-whitewash"><div class="confirmation-dialog"><div class="confirmation-dialog_messages" tabindex="0"><h4 class="confirmation-dialog_message-headline">Remove This Item From Your Cart?</h4></div><div class="confirmation-dialog_action-container"><div class="confirmation-dialog_confirmation-button"><button class="button button--fourth" tabindex="0" data-product-id="164066" data-cart-log-location="ORGANIC" data-persisted-quantity="undefined" data-price="4.59">OK</button></div><div class="confirmation-dialog_cancel-button"><button class="button button--fourth" tabindex="0" data-product-id="164066">Cancel</button></div></div></div></div></div><div class="confirmation-wrapper" style="display: none;"><div class="confirmation-whitewash"></div></div><img src="./Snacks_Candy_Organic_files/JBDUA.jpg" alt="Nature&#39;s Promise Granola Vanilla Almond Organic" class="product-grid-cell_main-image" data-block-spinner="true" data-product-id="164066"><div class="product-grid-cell_price-tag"><div class="product-grid-cell_name" role="link" tabindex="0" data-block-spinner="true" data-product-id="164066"><h3 class="product-grid-cell_name-text select-text"><span class="vector-icon_inline-text--left"><div class="vector-icon_outer-wrapper"><div class="vector-icon_container vector-icon-size--xsmall"><svg version="1.1" x="0px" y="0px" focusable="false" viewBox="0 0 945 1024" class="" role="presentation" aria-hidden="true"><title>Ahold Wedge Icon</title><desc>Ahold Icon</desc><path d="M1.893 730.617c-1.289-2.094-2.052-4.631-2.052-7.346 0-0.747 0.058-1.481 0.169-2.197 0.158-12.396 10.227-22.466 22.687-22.634l895.306-0c12.476 0.168 22.545 10.237 22.713 22.698-0.521 3.721-1.182 6.924-2.024 10.053l0.131-0.574c-86.363 175.072-263.598 293.385-468.466 293.385s-382.103-118.313-467.105-290.339l-1.361-3.046z" class="path1" fill="rgb(247, 168, 0)"></path><path d="M107.889 132.495c1.893-1.893 1.893-3.786 3.786-5.678 2.98-3.491 7.385-5.69 12.303-5.69s9.323 2.199 12.284 5.668l0.019 0.022 476.983 476.983c3.491 2.98 5.69 7.385 5.69 12.303s-2.199 9.323-5.668 12.284c-1.399 1.869-3.361 3.216-5.631 3.789l-0.069 0.015c-38.446 13.732-82.796 21.669-129.001 21.669-108.416 0-206.626-43.699-277.977-114.443-70.367-71.826-113.809-170.317-113.809-278.955 0-45.803 7.722-89.803 21.936-130.767l-0.845 2.8z" class="path2" fill="rgb(226, 35, 26)"></path><path d="M600.015 1.893c1.247-1.204 2.948-1.946 4.822-1.946 0.302 0 0.6 0.019 0.891 0.057 0.057-0.006 0.164-0.007 0.272-0.007 7.15 0 12.947 5.796 12.947 12.947 0 0.108-0.001 0.215-0.004 0.322l0-0.016v503.482c0.002 0.091 0.004 0.199 0.004 0.306 0 7.15-5.796 12.947-12.947 12.947-0.108 0-0.215-0.001-0.322-0.004-0.241 0.034-0.539 0.053-0.841 0.053-1.874 0-3.574-0.742-4.824-1.948l0.002 0.002c-98.273-48.542-164.673-148.065-164.673-263.098s66.401-214.556 162.964-262.333l1.709-0.765z" class="path3" fill="rgb(113, 33, 119)"></path><path d="M938.824 283.919c1.893 0 1.893 1.893 3.786 1.893 1.765 2.012 2.841 4.666 2.841 7.571s-1.077 5.559-2.853 7.584l0.011-0.013-268.776 266.884c-2.012 1.765-4.666 2.841-7.571 2.841s-5.559-1.077-7.584-2.853c-1.144-0.651-1.911-1.879-1.911-3.285 0-0.172 0.012-0.342 0.034-0.508l-0.002 0.019c-7.681-21.529-12.12-46.363-12.12-72.235 0-61.263 24.891-116.712 65.111-156.786 39.326-39.792 93.895-64.431 154.219-64.431 26.857 0 52.573 4.884 76.309 13.812l-1.494-0.493z" class="path4" fill="rgb(130, 188, 0)"></path></svg></div></div></span>Nature's Promise Granola Vanilla Almond Organic</h3></div><div class="product-grid-cell_price-container" role="link" data-block-spinner="true" data-product-id="164066"><div class="product-grid-cell_regular-price-container"><span class="product-grid-cell_was" aria-hidden="true"></span><span class="product-grid-cell_regular-price"></span></div><span class="product-grid-cell_main-price select-text">$4.59</span><span class="product-grid-cell_hidden-price"></span></div><span class="product-grid-cell_size select-text" role="link" data-block-spinner="true" data-product-id="164066">12 oz bag</span><span data-block-spinner="true" data-product-id="164066"><span class="product-grid-cell_unit select-text"> | $0.38 / oz</span></span><div class="buy-more-save-more_cta-grid-container"></div><div class="out-of-stock"><button class="out-of-stock_button button button--white button--with-subtext" data-product-id="164065" data-block-spinner="false"><h4 class="button--with-subtext_secondary">Out of Stock</h4><h4 class="button--with-subtext_primary">View Substitute</h4></button></div></div><div class="spyglass-container"></div></li><li><div collection-interweave-item="interwovenContent"><div generic-content-interweave-datasource="" data="interwovenContent.content.content" region="browse_aisles_shelf_content" class=""><div generic-content-region="" region="browse_aisles_shelf_content" interwoven="true"><div><div ng-class="methods.classForRegionSize(regionSize, ! content.model.contentData[ interwovenContent.content.region ], methods.contentLayouts(content.model.contentData[ interwovenContent.content.region ], regionSize).layout.length )" width-variable="regionSize" width-values="widthBreakpoints.defaultBreakpoints" class="generic-content_region-contents--medium"><!----><div ng-class="methods.classForContentItem(contentItem, $last, $first)" ng-repeat="contentItem in methods.contentLayouts(content.model.contentData[ interwovenContent.content.region ], regionSize).layout" class="generic-content_content-item--full-width generic-content_content-item--omega generic-content_content-item--alpha"><div class="generic-content_renderer" generic-content-renderer="contentItem"><div class="generic-content_renderer-contents" ng-class="{&#39;generic-content_renderer-contents--loading&#39; : state.preloading}" style=""><div ng-switch="" on="adContentWidth" content-interaction-tracker="" width-variable="adContentWidth" width-values="widthBreakpoints.defaultBreakpoints"><!----><!----><div ng-switch-default="" class="generic-content_content-item-table" quotient-ad-datasource=""><div class="adsense_wrapper adsense_wrapper--alpha generic-content_content-item-table-cell"><div class="adsense_container" quotient-ad="" classes="interwoven ? &#39;interweaved-content_leader interweaved-content_trailer&#39; : &#39;splash-page_ads-container&#39;" size="[728,90]" cat-tree-id="productData.category.categoryTreeId" keywords="productData.keywords"><div id="gpt-ad-138" class="interweaved-content_leader interweaved-content_trailer"></div></div></div></div><!----></div></div><div class="generic-content_renderer-animation-container animation-fade ng-hide" ng-hide="!state.preloading" style=""><div width-variable="contentSize" width-observer="contentMethods.contentWidthObserver" width-values="widthBreakpoints.defaultBreakpoints" class="generic-content_renderer-animation "></div></div></div></div><!----></div></div></div></div></div></li><li role="region" tabindex="-1" aria-label="Nature&#39;s Path Granola Pumpkin Seed + Flax Organic" class="product-cell product-grid-cell product-grid-cell--quad" data-id="84-&gt;154906" data-position="81"><div class="confirmation-wrapper confirmation-wrapper--hidden" id="confirmation-wrapper--154906"><div class="confirmation-whitewash"><div class="confirmation-dialog"><div class="confirmation-dialog_messages" tabindex="0"><h4 class="confirmation-dialog_message-headline">Remove This Item From Your Cart?</h4></div><div class="confirmation-dialog_action-container"><div class="confirmation-dialog_confirmation-button"><button class="button button--fourth" tabindex="0" data-product-id="154906" data-cart-log-location="ORGANIC" data-persisted-quantity="undefined" data-price="4.39">OK</button></div><div class="confirmation-dialog_cancel-button"><button class="button button--fourth" tabindex="0" data-product-id="154906">Cancel</button></div></div></div></div></div><div class="confirmation-wrapper" style="display: none;"><div class="confirmation-whitewash"></div></div><img src="./Snacks_Candy_Organic_files/I85X2.jpg" alt="Nature&#39;s Path Granola Pumpkin Seed + Flax Organic" class="product-grid-cell_main-image" data-block-spinner="true" data-product-id="154906"><div class="product-grid-cell_price-tag"><div class="product-grid-cell_name" role="link" tabindex="0" data-block-spinner="true" data-product-id="154906"><h3 class="product-grid-cell_name-text select-text">Nature's Path Granola Pumpkin Seed + Flax Organic</h3></div><div class="product-grid-cell_price-container" role="link" data-block-spinner="true" data-product-id="154906"><div class="product-grid-cell_regular-price-container"><span class="product-grid-cell_was" aria-hidden="true"></span><span class="product-grid-cell_regular-price"></span></div><span class="product-grid-cell_main-price select-text">$4.39</span><span class="product-grid-cell_hidden-price"></span></div><span class="product-grid-cell_size select-text" role="link" data-block-spinner="true" data-product-id="154906">11.5 oz box</span><span data-block-spinner="true" data-product-id="154906"><span class="product-grid-cell_unit select-text"> | $0.38 / oz</span></span><div class="buy-more-save-more_cta-grid-container"></div><div class="add-to-cart"><div class="add-to-cart_button"><button class="button button--add-to-cart" data-product-id="154906" data-price="4.39" data-cart-log-location="ORGANIC" data-persisted-quantity="0" data-other-information="{&quot;catPath&quot;:&quot;1,2543&quot;,&quot;sale&quot;:false,&quot;newArrival&quot;:false,&quot;sponsored&quot;:false,&quot;includeContentTrackingInfo&quot;:true}">Add to Cart</button></div><span class="element-invisible" aria-live="assertive"></span></div></div><div class="spyglass-container"></div></li><li role="region" tabindex="-1" aria-label="Clif Energy Bars White Chocolate Macadamia Nut Organic - 12 ct" class="product-cell product-grid-cell product-grid-cell--quad" data-id="85-&gt;161127" data-position="82"><div class="confirmation-wrapper confirmation-wrapper--hidden" id="confirmation-wrapper--161127"><div class="confirmation-whitewash"><div class="confirmation-dialog"><div class="confirmation-dialog_messages" tabindex="0"><h4 class="confirmation-dialog_message-headline">Remove This Item From Your Cart?</h4></div><div class="confirmation-dialog_action-container"><div class="confirmation-dialog_confirmation-button"><button class="button button--fourth" tabindex="0" data-product-id="161127" data-cart-log-location="ORGANIC" data-persisted-quantity="undefined" data-price="13.99">OK</button></div><div class="confirmation-dialog_cancel-button"><button class="button button--fourth" tabindex="0" data-product-id="161127">Cancel</button></div></div></div></div></div><div class="confirmation-wrapper" style="display: none;"><div class="confirmation-whitewash"></div></div><div class="vector-icon_absolute--left vector-icon_absolute--top buy-more-save-more_sticker-outer-container" aria-label="buy more save more" tabindex="0" role="link" data-pod-group="1184440" data-block-spinner="true"><span class="vector-icon_inline-text--left buy-more-save-more_link buy-more-save-more_view-deal-sticker"><div class="vector-icon_outer-wrapper"><div class="vector-icon_container vector-icon-size--xxlarge"><svg version="1.1" x="0px" y="0px" focusable="false" viewBox="0 0 1022 1024" class="vector-icon-color--bmsm" role="presentation" aria-hidden="true"><title>view deal icon</title><desc>vew deal icon</desc><path d="M882.478 520.133c0 179.904-164.594 325.744-367.631 325.744s-367.631-145.841-367.631-325.744c0-179.904 164.594-325.744 367.631-325.744s367.631 145.841 367.631 325.744z" class="path1" fill="rgb(255, 255, 255)"></path><path d="M1004.073 382.272c-40.667-15.047-79.708-29.687-119.968-44.734 14.64-40.667 28.467-80.114 43.107-122.002-44.734 0-86.621 0.407-130.135 0.407-1.627-43.514-2.847-84.994-4.473-129.728-41.074 14.64-80.114 28.874-121.188 43.514-16.674-37.414-33.347-74.421-50.834-113.461-33.347 28.060-64.661 54.901-96.788 82.148-30.094-29.28-59.374-58.154-89.468-87.841-19.52 38.634-37.82 74.421-56.934 111.835-39.041-17.080-76.454-33.754-115.902-51.241-4.88 44.734-9.76 87.028-14.234 129.728-42.701-2.847-83.774-5.287-127.695-7.727 12.2 42.294 23.18 82.554 34.974 124.035-40.667 13.827-79.301 27.247-120.375 41.074 25.62 34.974 50.427 68.321 75.641 102.888-33.347 28.060-65.881 55.307-100.041 83.774 37.82 22.774 73.608 43.921 108.988 65.068-20.334 37.82-40.261 74.421-61.001 112.241 42.701 8.947 84.994 17.894 128.102 26.84-7.32 42.701-14.234 82.554-21.147 124.442 45.141-7.32 85.808-14.234 128.508-21.147 8.947 42.294 17.080 82.148 25.62 124.442 38.634-23.994 74.828-46.767 111.835-69.541 24.807 36.6 47.987 71.168 72.794 107.768 25.62-34.974 50.021-67.914 75.234-101.668 36.194 23.587 70.761 46.361 107.768 70.761 11.387-41.887 22.367-82.148 32.94-122.408 43.921 10.98 84.994 21.147 129.322 32.127-4.473-44.734-8.54-85.808-12.607-128.508 41.074-5.693 81.741-10.98 124.848-17.080-16.267-33.754-30.094-65.474-46.361-95.568-9.353-17.487-8.54-26.84 11.387-35.787 30.094-13.42 58.561-30.5 89.061-46.767-31.72-31.314-61.814-60.187-92.315-90.281 27.247-32.94 53.274-64.254 81.334-97.601z" class="path2" fill="rgb(0, 0, 0)"></path><path d="M286.704 537.214l-85.808-114.275 30.907-8.54 63.441 88.248 7.727-108.581 30.907-8.54-13.014 142.335-34.16 9.353z" class="path3" fill="rgb(255, 255, 255)"></path><path d="M396.912 506.307l-36.194-128.102 27.247-7.727 36.194 128.102-27.247 7.727z" class="path4" fill="rgb(255, 255, 255)"></path><path d="M464.013 487.193l-36.194-128.102 90.688-25.62 6.913 23.994-63.441 17.894 7.727 26.84 62.221-17.487 6.913 23.994-62.221 17.487 8.133 29.28 63.441-17.894 6.913 23.994-91.095 25.62z" class="path5" fill="rgb(255, 255, 255)"></path><path d="M688.496 423.752l-47.174-81.741 2.44 94.348-28.874 8.133-72.794-117.935 30.5-8.54 48.801 86.214-2.033-99.228 21.147-6.1 50.427 85.808-3.66-99.228 30.5-8.54-0.407 138.675-28.874 8.133z" class="path6" fill="rgb(255, 255, 255)"></path><path d="M297.684 713.709l-36.194-128.102 50.427-14.234c40.261-11.387 75.234 6.507 86.214 44.734 10.98 39.041-9.76 71.981-49.614 83.368l-50.834 14.234zM370.478 623.835c-6.507-22.367-25.214-36.194-51.241-28.874l-23.587 6.507 22.774 80.114 23.18-6.507c25.214-6.507 34.974-29.28 28.874-51.241z" class="path7" fill="rgb(255, 255, 255)"></path><path d="M450.186 670.602l-36.194-128.102 90.688-25.62 6.913 23.994-63.441 17.894 7.727 26.84 62.221-17.487 6.913 23.994-62.221 17.487 8.133 29.28 63.441-17.894 6.913 23.994-91.095 25.62z" class="path8" fill="rgb(255, 255, 255)"></path><path d="M665.315 610.008l-14.234-19.52-54.901 15.454-2.033 23.994-30.907 8.54 13.014-142.335 34.16-9.76 85.808 114.275-30.907 9.353zM601.468 518.913l-4.473 61.001 39.854-11.387-35.38-49.614z" class="path9" fill="rgb(255, 255, 255)"></path><path d="M721.843 594.148l-36.194-128.102 27.654-7.727 29.28 104.108 54.087-15.454 6.913 23.994-81.741 23.18z" class="path10" fill="rgb(255, 255, 255)"></path></svg></div></div><span class="element-invisible">View items in deal</span></span></div><img src="./Snacks_Candy_Organic_files/ONXYK.jpg" alt="Clif Energy Bars White Chocolate Macadamia Nut Organic - 12 ct" class="product-grid-cell_main-image" data-block-spinner="true" data-product-id="161127"><div class="product-grid-cell_price-tag overlay--open" tabindex="0" aria-hidden="false"><div class="product-grid-cell_name" role="link" tabindex="0" data-block-spinner="true" data-product-id="161127"><h3 class="product-grid-cell_name-text select-text">Clif Energy Bars White Chocolate Macadamia Nut Organic - 12 ct</h3></div><div class="product-grid-cell_price-container" role="link" data-block-spinner="true" data-product-id="161127"><div class="product-grid-cell_regular-price-container"><span class="product-grid-cell_was" aria-hidden="true"></span><span class="product-grid-cell_regular-price"></span></div><span class="product-grid-cell_main-price select-text">$13.99</span><span class="product-grid-cell_hidden-price"></span></div><span class="product-grid-cell_size select-text" role="link" data-block-spinner="true" data-product-id="161127">28.8 oz box</span><span data-block-spinner="true" data-product-id="161127"><span class="product-grid-cell_unit select-text"> | $0.49 / oz</span></span><div class="buy-more-save-more_cta-grid-container" aria-label="Buy 2 @ $11.99 ea" tabindex="0" role="link" data-pod-group="1184440" data-block-spinner="true"><span class="buy-more-save-more_cta buy-more-save-more_link">Buy 2 @ $11.99 ea<span aria-hidden="true"></span></span></div><div class="add-to-cart"><div class="add-to-cart_button"><button class="button button--add-to-cart" data-product-id="161127" data-price="13.99" data-cart-log-location="ORGANIC" data-persisted-quantity="0" data-other-information="{&quot;catPath&quot;:&quot;1,2543&quot;,&quot;sale&quot;:false,&quot;newArrival&quot;:true,&quot;sponsored&quot;:false,&quot;includeContentTrackingInfo&quot;:true}">Add to Cart</button></div><span class="element-invisible" aria-live="assertive"></span></div></div><div class="product-grid-cell_bulk-buy-container overlay--closed" tabindex="-1" aria-hidden="true"><bulk-buy-scroller other-information="otherInformation" on-close="onCloseBMSMOverlay()" product="product" cart-log-location="cartLogLocation" options="options" product-id="product.prodId"><!----><div ng-class="{&#39;bulk-buy-scroller_container--vertical&#39;: $ctrl.options.bulkBuyVerticalStyle}" class="bulk-buy-scroller_container bulk-buy-scroller_container--vertical" ng-if="$ctrl.shouldShowBulkBuy()"><!----><div class="bulk-buy-scroller_header-container" ng-if="$ctrl.isSIMQ() || (!$ctrl.isSIMQ() &amp;&amp; $ctrl.isShelf()) "><!----><h4 id="bulk-buy-scroller_heading--161127" class="bulk-buy-scroller_heading text-center" ng-class="{
            &#39;bulk-buy-scroller_heading--reverse&#39;: $ctrl.options.bulkBuyReverseStyle,
            &#39;text-center&#39;: $ctrl.isShelf()
        }">Buy More Save More</h4><!----><button ng-if="($ctrl.options.bulkBuyReverseStyle || $ctrl.options.bulkBuyVerticalStyle)" ng-click="$ctrl.close()" ng-class="{
            &#39;bulk-buy-scroller_close-button--reverse&#39;: $ctrl.options.bulkBuyReverseStyle,
            &#39;bulk-buy-scroller_close-button--vertical&#39;: $ctrl.options.bulkBuyVerticalStyle,
            &#39;button--white-no-border&#39;: $ctrl.state.currentQuantity === 0,
            &#39;button--lightest-grey&#39;: $ctrl.state.currentQuantity &gt; 0
            }" class="button bulk-buy-scroller_close-button bulk-buy-scroller_close-button--vertical button--white-no-border" aria-label="Close Promotion Options" tabindex="0"><div class="vector-icon_outer-wrapper" svg-id="icon_close" svg-class="vector-icon-color--dark-grey" container-class="vector-icon-size--xxsmall" svg-title="Close Icon" svg-description="X Icon" svg-role="presentation" svg-aria-hidden="true"><div class="vector-icon_container vector-icon-size--xxsmall"><svg version="1.1" x="0px" y="0px" focusable="false" viewBox="0 0 1024 1024" class="vector-icon-color--dark-grey" role="presentation" aria-hidden="true"><title>Close Icon</title><desc>X Icon</desc><path d="M20.685 1003.315c27.546 27.546 72.397 27.546 99.942 0l391.373-391.373 391.373 391.373c27.546 27.546 72.397 27.546 99.942 0s27.546-72.397 0-99.942l-391.373-391.373 391.373-391.373c27.546-27.546 27.546-72.397 0-99.942s-72.397-27.546-99.942 0l-391.373 391.373-391.373-391.373c-27.546-27.546-72.397-27.546-99.942 0s-27.546 72.397 0 99.942l391.373 391.373-391.373 391.373c-27.597 27.546-27.597 72.397 0 99.942z" class="path1"></path></svg></div></div></button><!----></div><!----><!----><div class="bulk-buy-scroller_mix-match-container bulk-buy-scroller_mix-match-container--vertical" ng-if="!$ctrl.isSIMQ() &amp;&amp; $ctrl.isShelf()" ng-class="{
            &#39;bulk-buy-scroller_mix-match-container--reverse&#39;: $ctrl.options.bulkBuyReverseStyle,
            &#39;bulk-buy-scroller_mix-match-container--vertical&#39;: $ctrl.options.bulkBuyVerticalStyle,
            &#39;bulk-buy-scroller_mix-match-container--normal&#39;: $ctrl.options.bulkBuyNormalStyle
        }"><button class="button bulk-buy-scroller_mix-match-button" ng-click="$ctrl.openProductGroup()" tabindex="0"><span class="bulk-buy-scroller_button-headline">Buy 2 @ $11.99 ea</span> <span class="bulk-buy-scroller_button-cta">Mix &amp; Match Options </span></button></div><!----><!----><!----></div><!----></bulk-buy-scroller><div class="add-to-cart"><div class="add-to-cart_button"><button class="button button--add-to-cart" data-product-id="161127" data-price="13.99" data-cart-log-location="ORGANIC" data-persisted-quantity="0" data-other-information="{&quot;catPath&quot;:&quot;1,2543&quot;,&quot;sale&quot;:false,&quot;newArrival&quot;:true,&quot;sponsored&quot;:false,&quot;includeContentTrackingInfo&quot;:true}">Add to Cart</button></div><span class="element-invisible" aria-live="assertive"></span></div></div><div class="spyglass-container"></div></li><li role="region" tabindex="-1" aria-label="Nature&#39;s Path Love Crunch Granola Dark Chocolate &amp; Red Berries Organic" class="product-cell product-grid-cell product-grid-cell--quad" data-id="86-&gt;195995" data-position="83"><div class="confirmation-wrapper confirmation-wrapper--hidden" id="confirmation-wrapper--195995"><div class="confirmation-whitewash"><div class="confirmation-dialog"><div class="confirmation-dialog_messages" tabindex="0"><h4 class="confirmation-dialog_message-headline">Remove This Item From Your Cart?</h4></div><div class="confirmation-dialog_action-container"><div class="confirmation-dialog_confirmation-button"><button class="button button--fourth" tabindex="0" data-product-id="195995" data-cart-log-location="ORGANIC" data-persisted-quantity="undefined" data-price="4.99">OK</button></div><div class="confirmation-dialog_cancel-button"><button class="button button--fourth" tabindex="0" data-product-id="195995">Cancel</button></div></div></div></div></div><div class="confirmation-wrapper" style="display: none;"><div class="confirmation-whitewash"></div></div><div class="vector-icon_absolute--left vector-icon_absolute--top buy-more-save-more_sticker-outer-container" aria-label="buy more save more" tabindex="0" role="link" data-pod-group="1183612" data-block-spinner="true"><span class="vector-icon_inline-text--left buy-more-save-more_link buy-more-save-more_view-deal-sticker"><div class="vector-icon_outer-wrapper"><div class="vector-icon_container vector-icon-size--xxlarge"><svg version="1.1" x="0px" y="0px" focusable="false" viewBox="0 0 1022 1024" class="vector-icon-color--bmsm" role="presentation" aria-hidden="true"><title>view deal icon</title><desc>vew deal icon</desc><path d="M882.478 520.133c0 179.904-164.594 325.744-367.631 325.744s-367.631-145.841-367.631-325.744c0-179.904 164.594-325.744 367.631-325.744s367.631 145.841 367.631 325.744z" class="path1" fill="rgb(255, 255, 255)"></path><path d="M1004.073 382.272c-40.667-15.047-79.708-29.687-119.968-44.734 14.64-40.667 28.467-80.114 43.107-122.002-44.734 0-86.621 0.407-130.135 0.407-1.627-43.514-2.847-84.994-4.473-129.728-41.074 14.64-80.114 28.874-121.188 43.514-16.674-37.414-33.347-74.421-50.834-113.461-33.347 28.060-64.661 54.901-96.788 82.148-30.094-29.28-59.374-58.154-89.468-87.841-19.52 38.634-37.82 74.421-56.934 111.835-39.041-17.080-76.454-33.754-115.902-51.241-4.88 44.734-9.76 87.028-14.234 129.728-42.701-2.847-83.774-5.287-127.695-7.727 12.2 42.294 23.18 82.554 34.974 124.035-40.667 13.827-79.301 27.247-120.375 41.074 25.62 34.974 50.427 68.321 75.641 102.888-33.347 28.060-65.881 55.307-100.041 83.774 37.82 22.774 73.608 43.921 108.988 65.068-20.334 37.82-40.261 74.421-61.001 112.241 42.701 8.947 84.994 17.894 128.102 26.84-7.32 42.701-14.234 82.554-21.147 124.442 45.141-7.32 85.808-14.234 128.508-21.147 8.947 42.294 17.080 82.148 25.62 124.442 38.634-23.994 74.828-46.767 111.835-69.541 24.807 36.6 47.987 71.168 72.794 107.768 25.62-34.974 50.021-67.914 75.234-101.668 36.194 23.587 70.761 46.361 107.768 70.761 11.387-41.887 22.367-82.148 32.94-122.408 43.921 10.98 84.994 21.147 129.322 32.127-4.473-44.734-8.54-85.808-12.607-128.508 41.074-5.693 81.741-10.98 124.848-17.080-16.267-33.754-30.094-65.474-46.361-95.568-9.353-17.487-8.54-26.84 11.387-35.787 30.094-13.42 58.561-30.5 89.061-46.767-31.72-31.314-61.814-60.187-92.315-90.281 27.247-32.94 53.274-64.254 81.334-97.601z" class="path2" fill="rgb(0, 0, 0)"></path><path d="M286.704 537.214l-85.808-114.275 30.907-8.54 63.441 88.248 7.727-108.581 30.907-8.54-13.014 142.335-34.16 9.353z" class="path3" fill="rgb(255, 255, 255)"></path><path d="M396.912 506.307l-36.194-128.102 27.247-7.727 36.194 128.102-27.247 7.727z" class="path4" fill="rgb(255, 255, 255)"></path><path d="M464.013 487.193l-36.194-128.102 90.688-25.62 6.913 23.994-63.441 17.894 7.727 26.84 62.221-17.487 6.913 23.994-62.221 17.487 8.133 29.28 63.441-17.894 6.913 23.994-91.095 25.62z" class="path5" fill="rgb(255, 255, 255)"></path><path d="M688.496 423.752l-47.174-81.741 2.44 94.348-28.874 8.133-72.794-117.935 30.5-8.54 48.801 86.214-2.033-99.228 21.147-6.1 50.427 85.808-3.66-99.228 30.5-8.54-0.407 138.675-28.874 8.133z" class="path6" fill="rgb(255, 255, 255)"></path><path d="M297.684 713.709l-36.194-128.102 50.427-14.234c40.261-11.387 75.234 6.507 86.214 44.734 10.98 39.041-9.76 71.981-49.614 83.368l-50.834 14.234zM370.478 623.835c-6.507-22.367-25.214-36.194-51.241-28.874l-23.587 6.507 22.774 80.114 23.18-6.507c25.214-6.507 34.974-29.28 28.874-51.241z" class="path7" fill="rgb(255, 255, 255)"></path><path d="M450.186 670.602l-36.194-128.102 90.688-25.62 6.913 23.994-63.441 17.894 7.727 26.84 62.221-17.487 6.913 23.994-62.221 17.487 8.133 29.28 63.441-17.894 6.913 23.994-91.095 25.62z" class="path8" fill="rgb(255, 255, 255)"></path><path d="M665.315 610.008l-14.234-19.52-54.901 15.454-2.033 23.994-30.907 8.54 13.014-142.335 34.16-9.76 85.808 114.275-30.907 9.353zM601.468 518.913l-4.473 61.001 39.854-11.387-35.38-49.614z" class="path9" fill="rgb(255, 255, 255)"></path><path d="M721.843 594.148l-36.194-128.102 27.654-7.727 29.28 104.108 54.087-15.454 6.913 23.994-81.741 23.18z" class="path10" fill="rgb(255, 255, 255)"></path></svg></div></div><span class="element-invisible">View items in deal</span></span></div><img src="./Snacks_Candy_Organic_files/3TLJ4.jpg" alt="Nature&#39;s Path Love Crunch Granola Dark Chocolate &amp; Red Berries Organic" class="product-grid-cell_main-image" data-block-spinner="true" data-product-id="195995"><div class="product-grid-cell_price-tag overlay--open" tabindex="0" aria-hidden="false"><div class="product-grid-cell_name" role="link" tabindex="0" data-block-spinner="true" data-product-id="195995"><h3 class="product-grid-cell_name-text select-text">Nature's Path Love Crunch Granola Dark Chocolate &amp; Red Berries Organic</h3></div><div class="product-grid-cell_price-container" role="link" data-block-spinner="true" data-product-id="195995"><div class="product-grid-cell_regular-price-container"><span class="product-grid-cell_was" aria-hidden="true"></span><span class="product-grid-cell_regular-price"></span></div><span class="product-grid-cell_main-price select-text">$4.99</span><span class="product-grid-cell_hidden-price"></span></div><span class="product-grid-cell_size select-text" role="link" data-block-spinner="true" data-product-id="195995">11.5 oz bag</span><span data-block-spinner="true" data-product-id="195995"><span class="product-grid-cell_unit select-text"> | $0.43 / oz</span></span><div class="buy-more-save-more_cta-grid-container" aria-label="Buy 2, $1.00 off ea" tabindex="0" role="link" data-pod-group="1183612" data-block-spinner="true"><span class="buy-more-save-more_cta buy-more-save-more_link">Buy 2, $1.00 off ea<span aria-hidden="true"></span></span></div><div class="add-to-cart"><div class="add-to-cart_button"><button class="button button--add-to-cart" data-product-id="195995" data-price="4.99" data-cart-log-location="ORGANIC" data-persisted-quantity="0" data-other-information="{&quot;catPath&quot;:&quot;1,2543&quot;,&quot;sale&quot;:false,&quot;newArrival&quot;:false,&quot;sponsored&quot;:false,&quot;includeContentTrackingInfo&quot;:true}">Add to Cart</button></div><span class="element-invisible" aria-live="assertive"></span></div></div><div class="product-grid-cell_bulk-buy-container overlay--closed" tabindex="-1" aria-hidden="true"><bulk-buy-scroller other-information="otherInformation" on-close="onCloseBMSMOverlay()" product="product" cart-log-location="cartLogLocation" options="options" product-id="product.prodId"><!----><div ng-class="{&#39;bulk-buy-scroller_container--vertical&#39;: $ctrl.options.bulkBuyVerticalStyle}" class="bulk-buy-scroller_container bulk-buy-scroller_container--vertical" ng-if="$ctrl.shouldShowBulkBuy()"><!----><div class="bulk-buy-scroller_header-container" ng-if="$ctrl.isSIMQ() || (!$ctrl.isSIMQ() &amp;&amp; $ctrl.isShelf()) "><!----><h4 id="bulk-buy-scroller_heading--195995" class="bulk-buy-scroller_heading text-center" ng-class="{
            &#39;bulk-buy-scroller_heading--reverse&#39;: $ctrl.options.bulkBuyReverseStyle,
            &#39;text-center&#39;: $ctrl.isShelf()
        }">Buy More Save More</h4><!----><button ng-if="($ctrl.options.bulkBuyReverseStyle || $ctrl.options.bulkBuyVerticalStyle)" ng-click="$ctrl.close()" ng-class="{
            &#39;bulk-buy-scroller_close-button--reverse&#39;: $ctrl.options.bulkBuyReverseStyle,
            &#39;bulk-buy-scroller_close-button--vertical&#39;: $ctrl.options.bulkBuyVerticalStyle,
            &#39;button--white-no-border&#39;: $ctrl.state.currentQuantity === 0,
            &#39;button--lightest-grey&#39;: $ctrl.state.currentQuantity &gt; 0
            }" class="button bulk-buy-scroller_close-button bulk-buy-scroller_close-button--vertical button--white-no-border" aria-label="Close Promotion Options" tabindex="0"><div class="vector-icon_outer-wrapper" svg-id="icon_close" svg-class="vector-icon-color--dark-grey" container-class="vector-icon-size--xxsmall" svg-title="Close Icon" svg-description="X Icon" svg-role="presentation" svg-aria-hidden="true"><div class="vector-icon_container vector-icon-size--xxsmall"><svg version="1.1" x="0px" y="0px" focusable="false" viewBox="0 0 1024 1024" class="vector-icon-color--dark-grey" role="presentation" aria-hidden="true"><title>Close Icon</title><desc>X Icon</desc><path d="M20.685 1003.315c27.546 27.546 72.397 27.546 99.942 0l391.373-391.373 391.373 391.373c27.546 27.546 72.397 27.546 99.942 0s27.546-72.397 0-99.942l-391.373-391.373 391.373-391.373c27.546-27.546 27.546-72.397 0-99.942s-72.397-27.546-99.942 0l-391.373 391.373-391.373-391.373c-27.546-27.546-72.397-27.546-99.942 0s-27.546 72.397 0 99.942l391.373 391.373-391.373 391.373c-27.597 27.546-27.597 72.397 0 99.942z" class="path1"></path></svg></div></div></button><!----></div><!----><!----><div class="bulk-buy-scroller_mix-match-container bulk-buy-scroller_mix-match-container--vertical" ng-if="!$ctrl.isSIMQ() &amp;&amp; $ctrl.isShelf()" ng-class="{
            &#39;bulk-buy-scroller_mix-match-container--reverse&#39;: $ctrl.options.bulkBuyReverseStyle,
            &#39;bulk-buy-scroller_mix-match-container--vertical&#39;: $ctrl.options.bulkBuyVerticalStyle,
            &#39;bulk-buy-scroller_mix-match-container--normal&#39;: $ctrl.options.bulkBuyNormalStyle
        }"><button class="button bulk-buy-scroller_mix-match-button" ng-click="$ctrl.openProductGroup()" tabindex="0"><span class="bulk-buy-scroller_button-headline">Buy 2, $1.00 off ea</span> <span class="bulk-buy-scroller_button-cta">Mix &amp; Match Options </span></button></div><!----><!----><!----></div><!----></bulk-buy-scroller><div class="add-to-cart"><div class="add-to-cart_button"><button class="button button--add-to-cart" data-product-id="195995" data-price="4.99" data-cart-log-location="ORGANIC" data-persisted-quantity="0" data-other-information="{&quot;catPath&quot;:&quot;1,2543&quot;,&quot;sale&quot;:false,&quot;newArrival&quot;:false,&quot;sponsored&quot;:false,&quot;includeContentTrackingInfo&quot;:true}">Add to Cart</button></div><span class="element-invisible" aria-live="assertive"></span></div></div><div class="spyglass-container"></div></li><li role="region" tabindex="-1" aria-label="Clif Energy Bars Chocolate Chip Peanut Crunch - 12 ct Organic" class="product-cell product-grid-cell product-grid-cell--quad" data-id="87-&gt;161128" data-position="84"><div class="confirmation-wrapper confirmation-wrapper--hidden" id="confirmation-wrapper--161128"><div class="confirmation-whitewash"><div class="confirmation-dialog"><div class="confirmation-dialog_messages" tabindex="0"><h4 class="confirmation-dialog_message-headline">Remove This Item From Your Cart?</h4></div><div class="confirmation-dialog_action-container"><div class="confirmation-dialog_confirmation-button"><button class="button button--fourth" tabindex="0" data-product-id="161128" data-cart-log-location="ORGANIC" data-persisted-quantity="undefined" data-price="13.99">OK</button></div><div class="confirmation-dialog_cancel-button"><button class="button button--fourth" tabindex="0" data-product-id="161128">Cancel</button></div></div></div></div></div><div class="confirmation-wrapper" style="display: none;"><div class="confirmation-whitewash"></div></div><div class="vector-icon_absolute--left vector-icon_absolute--top buy-more-save-more_sticker-outer-container" aria-label="buy more save more" tabindex="0" role="link" data-pod-group="1184440" data-block-spinner="true"><span class="vector-icon_inline-text--left buy-more-save-more_link buy-more-save-more_view-deal-sticker"><div class="vector-icon_outer-wrapper"><div class="vector-icon_container vector-icon-size--xxlarge"><svg version="1.1" x="0px" y="0px" focusable="false" viewBox="0 0 1022 1024" class="vector-icon-color--bmsm" role="presentation" aria-hidden="true"><title>view deal icon</title><desc>vew deal icon</desc><path d="M882.478 520.133c0 179.904-164.594 325.744-367.631 325.744s-367.631-145.841-367.631-325.744c0-179.904 164.594-325.744 367.631-325.744s367.631 145.841 367.631 325.744z" class="path1" fill="rgb(255, 255, 255)"></path><path d="M1004.073 382.272c-40.667-15.047-79.708-29.687-119.968-44.734 14.64-40.667 28.467-80.114 43.107-122.002-44.734 0-86.621 0.407-130.135 0.407-1.627-43.514-2.847-84.994-4.473-129.728-41.074 14.64-80.114 28.874-121.188 43.514-16.674-37.414-33.347-74.421-50.834-113.461-33.347 28.060-64.661 54.901-96.788 82.148-30.094-29.28-59.374-58.154-89.468-87.841-19.52 38.634-37.82 74.421-56.934 111.835-39.041-17.080-76.454-33.754-115.902-51.241-4.88 44.734-9.76 87.028-14.234 129.728-42.701-2.847-83.774-5.287-127.695-7.727 12.2 42.294 23.18 82.554 34.974 124.035-40.667 13.827-79.301 27.247-120.375 41.074 25.62 34.974 50.427 68.321 75.641 102.888-33.347 28.060-65.881 55.307-100.041 83.774 37.82 22.774 73.608 43.921 108.988 65.068-20.334 37.82-40.261 74.421-61.001 112.241 42.701 8.947 84.994 17.894 128.102 26.84-7.32 42.701-14.234 82.554-21.147 124.442 45.141-7.32 85.808-14.234 128.508-21.147 8.947 42.294 17.080 82.148 25.62 124.442 38.634-23.994 74.828-46.767 111.835-69.541 24.807 36.6 47.987 71.168 72.794 107.768 25.62-34.974 50.021-67.914 75.234-101.668 36.194 23.587 70.761 46.361 107.768 70.761 11.387-41.887 22.367-82.148 32.94-122.408 43.921 10.98 84.994 21.147 129.322 32.127-4.473-44.734-8.54-85.808-12.607-128.508 41.074-5.693 81.741-10.98 124.848-17.080-16.267-33.754-30.094-65.474-46.361-95.568-9.353-17.487-8.54-26.84 11.387-35.787 30.094-13.42 58.561-30.5 89.061-46.767-31.72-31.314-61.814-60.187-92.315-90.281 27.247-32.94 53.274-64.254 81.334-97.601z" class="path2" fill="rgb(0, 0, 0)"></path><path d="M286.704 537.214l-85.808-114.275 30.907-8.54 63.441 88.248 7.727-108.581 30.907-8.54-13.014 142.335-34.16 9.353z" class="path3" fill="rgb(255, 255, 255)"></path><path d="M396.912 506.307l-36.194-128.102 27.247-7.727 36.194 128.102-27.247 7.727z" class="path4" fill="rgb(255, 255, 255)"></path><path d="M464.013 487.193l-36.194-128.102 90.688-25.62 6.913 23.994-63.441 17.894 7.727 26.84 62.221-17.487 6.913 23.994-62.221 17.487 8.133 29.28 63.441-17.894 6.913 23.994-91.095 25.62z" class="path5" fill="rgb(255, 255, 255)"></path><path d="M688.496 423.752l-47.174-81.741 2.44 94.348-28.874 8.133-72.794-117.935 30.5-8.54 48.801 86.214-2.033-99.228 21.147-6.1 50.427 85.808-3.66-99.228 30.5-8.54-0.407 138.675-28.874 8.133z" class="path6" fill="rgb(255, 255, 255)"></path><path d="M297.684 713.709l-36.194-128.102 50.427-14.234c40.261-11.387 75.234 6.507 86.214 44.734 10.98 39.041-9.76 71.981-49.614 83.368l-50.834 14.234zM370.478 623.835c-6.507-22.367-25.214-36.194-51.241-28.874l-23.587 6.507 22.774 80.114 23.18-6.507c25.214-6.507 34.974-29.28 28.874-51.241z" class="path7" fill="rgb(255, 255, 255)"></path><path d="M450.186 670.602l-36.194-128.102 90.688-25.62 6.913 23.994-63.441 17.894 7.727 26.84 62.221-17.487 6.913 23.994-62.221 17.487 8.133 29.28 63.441-17.894 6.913 23.994-91.095 25.62z" class="path8" fill="rgb(255, 255, 255)"></path><path d="M665.315 610.008l-14.234-19.52-54.901 15.454-2.033 23.994-30.907 8.54 13.014-142.335 34.16-9.76 85.808 114.275-30.907 9.353zM601.468 518.913l-4.473 61.001 39.854-11.387-35.38-49.614z" class="path9" fill="rgb(255, 255, 255)"></path><path d="M721.843 594.148l-36.194-128.102 27.654-7.727 29.28 104.108 54.087-15.454 6.913 23.994-81.741 23.18z" class="path10" fill="rgb(255, 255, 255)"></path></svg></div></div><span class="element-invisible">View items in deal</span></span></div><img src="./Snacks_Candy_Organic_files/0C40W.jpg" alt="Clif Energy Bars Chocolate Chip Peanut Crunch - 12 ct Organic" class="product-grid-cell_main-image" data-block-spinner="true" data-product-id="161128"><div class="product-grid-cell_price-tag overlay--open" tabindex="0" aria-hidden="false"><div class="product-grid-cell_name" role="link" tabindex="0" data-block-spinner="true" data-product-id="161128"><h3 class="product-grid-cell_name-text select-text">Clif Energy Bars Chocolate Chip Peanut Crunch - 12 ct Organic</h3></div><div class="product-grid-cell_price-container" role="link" data-block-spinner="true" data-product-id="161128"><div class="product-grid-cell_regular-price-container"><span class="product-grid-cell_was" aria-hidden="true"></span><span class="product-grid-cell_regular-price"></span></div><span class="product-grid-cell_main-price select-text">$13.99</span><span class="product-grid-cell_hidden-price"></span></div><span class="product-grid-cell_size select-text" role="link" data-block-spinner="true" data-product-id="161128">28.8 oz box</span><span data-block-spinner="true" data-product-id="161128"><span class="product-grid-cell_unit select-text"> | $0.49 / oz</span></span><div class="buy-more-save-more_cta-grid-container" aria-label="Buy 2 @ $11.99 ea" tabindex="0" role="link" data-pod-group="1184440" data-block-spinner="true"><span class="buy-more-save-more_cta buy-more-save-more_link">Buy 2 @ $11.99 ea<span aria-hidden="true"></span></span></div><div class="add-to-cart"><div class="add-to-cart_button"><button class="button button--add-to-cart" data-product-id="161128" data-price="13.99" data-cart-log-location="ORGANIC" data-persisted-quantity="0" data-other-information="{&quot;catPath&quot;:&quot;1,2543&quot;,&quot;sale&quot;:false,&quot;newArrival&quot;:false,&quot;sponsored&quot;:false,&quot;includeContentTrackingInfo&quot;:true}">Add to Cart</button></div><span class="element-invisible" aria-live="assertive"></span></div></div><div class="product-grid-cell_bulk-buy-container overlay--closed" tabindex="-1" aria-hidden="true"><bulk-buy-scroller other-information="otherInformation" on-close="onCloseBMSMOverlay()" product="product" cart-log-location="cartLogLocation" options="options" product-id="product.prodId"><!----><div ng-class="{&#39;bulk-buy-scroller_container--vertical&#39;: $ctrl.options.bulkBuyVerticalStyle}" class="bulk-buy-scroller_container bulk-buy-scroller_container--vertical" ng-if="$ctrl.shouldShowBulkBuy()"><!----><div class="bulk-buy-scroller_header-container" ng-if="$ctrl.isSIMQ() || (!$ctrl.isSIMQ() &amp;&amp; $ctrl.isShelf()) "><!----><h4 id="bulk-buy-scroller_heading--161128" class="bulk-buy-scroller_heading text-center" ng-class="{
            &#39;bulk-buy-scroller_heading--reverse&#39;: $ctrl.options.bulkBuyReverseStyle,
            &#39;text-center&#39;: $ctrl.isShelf()
        }">Buy More Save More</h4><!----><button ng-if="($ctrl.options.bulkBuyReverseStyle || $ctrl.options.bulkBuyVerticalStyle)" ng-click="$ctrl.close()" ng-class="{
            &#39;bulk-buy-scroller_close-button--reverse&#39;: $ctrl.options.bulkBuyReverseStyle,
            &#39;bulk-buy-scroller_close-button--vertical&#39;: $ctrl.options.bulkBuyVerticalStyle,
            &#39;button--white-no-border&#39;: $ctrl.state.currentQuantity === 0,
            &#39;button--lightest-grey&#39;: $ctrl.state.currentQuantity &gt; 0
            }" class="button bulk-buy-scroller_close-button bulk-buy-scroller_close-button--vertical button--white-no-border" aria-label="Close Promotion Options" tabindex="0"><div class="vector-icon_outer-wrapper" svg-id="icon_close" svg-class="vector-icon-color--dark-grey" container-class="vector-icon-size--xxsmall" svg-title="Close Icon" svg-description="X Icon" svg-role="presentation" svg-aria-hidden="true"><div class="vector-icon_container vector-icon-size--xxsmall"><svg version="1.1" x="0px" y="0px" focusable="false" viewBox="0 0 1024 1024" class="vector-icon-color--dark-grey" role="presentation" aria-hidden="true"><title>Close Icon</title><desc>X Icon</desc><path d="M20.685 1003.315c27.546 27.546 72.397 27.546 99.942 0l391.373-391.373 391.373 391.373c27.546 27.546 72.397 27.546 99.942 0s27.546-72.397 0-99.942l-391.373-391.373 391.373-391.373c27.546-27.546 27.546-72.397 0-99.942s-72.397-27.546-99.942 0l-391.373 391.373-391.373-391.373c-27.546-27.546-72.397-27.546-99.942 0s-27.546 72.397 0 99.942l391.373 391.373-391.373 391.373c-27.597 27.546-27.597 72.397 0 99.942z" class="path1"></path></svg></div></div></button><!----></div><!----><!----><div class="bulk-buy-scroller_mix-match-container bulk-buy-scroller_mix-match-container--vertical" ng-if="!$ctrl.isSIMQ() &amp;&amp; $ctrl.isShelf()" ng-class="{
            &#39;bulk-buy-scroller_mix-match-container--reverse&#39;: $ctrl.options.bulkBuyReverseStyle,
            &#39;bulk-buy-scroller_mix-match-container--vertical&#39;: $ctrl.options.bulkBuyVerticalStyle,
            &#39;bulk-buy-scroller_mix-match-container--normal&#39;: $ctrl.options.bulkBuyNormalStyle
        }"><button class="button bulk-buy-scroller_mix-match-button" ng-click="$ctrl.openProductGroup()" tabindex="0"><span class="bulk-buy-scroller_button-headline">Buy 2 @ $11.99 ea</span> <span class="bulk-buy-scroller_button-cta">Mix &amp; Match Options </span></button></div><!----><!----><!----></div><!----></bulk-buy-scroller><div class="add-to-cart"><div class="add-to-cart_button"><button class="button button--add-to-cart" data-product-id="161128" data-price="13.99" data-cart-log-location="ORGANIC" data-persisted-quantity="0" data-other-information="{&quot;catPath&quot;:&quot;1,2543&quot;,&quot;sale&quot;:false,&quot;newArrival&quot;:false,&quot;sponsored&quot;:false,&quot;includeContentTrackingInfo&quot;:true}">Add to Cart</button></div><span class="element-invisible" aria-live="assertive"></span></div></div><div class="spyglass-container"></div></li><li role="region" tabindex="-1" aria-label="Nabisco Triscuit Thin Crisps Crackers Original Organic" class="product-cell product-grid-cell product-grid-cell--quad" data-id="88-&gt;228699" data-position="85"><div class="confirmation-wrapper confirmation-wrapper--hidden" id="confirmation-wrapper--228699"><div class="confirmation-whitewash"><div class="confirmation-dialog"><div class="confirmation-dialog_messages" tabindex="0"><h4 class="confirmation-dialog_message-headline">Remove This Item From Your Cart?</h4></div><div class="confirmation-dialog_action-container"><div class="confirmation-dialog_confirmation-button"><button class="button button--fourth" tabindex="0" data-product-id="228699" data-cart-log-location="ORGANIC" data-persisted-quantity="undefined" data-price="3.59">OK</button></div><div class="confirmation-dialog_cancel-button"><button class="button button--fourth" tabindex="0" data-product-id="228699">Cancel</button></div></div></div></div></div><div class="confirmation-wrapper" style="display: none;"><div class="confirmation-whitewash"></div></div><img src="./Snacks_Candy_Organic_files/L73QC.jpg" alt="Nabisco Triscuit Thin Crisps Crackers Original Organic" class="product-grid-cell_main-image" data-block-spinner="true" data-product-id="228699"><div class="product-grid-cell_price-tag"><div class="product-grid-cell_name" role="link" tabindex="0" data-block-spinner="true" data-product-id="228699"><h3 class="product-grid-cell_name-text select-text">Nabisco Triscuit Thin Crisps Crackers Original Organic</h3></div><div class="product-grid-cell_price-container" role="link" data-block-spinner="true" data-product-id="228699"><div class="product-grid-cell_regular-price-container"><span class="product-grid-cell_was" aria-hidden="true"></span><span class="product-grid-cell_regular-price"></span></div><span class="product-grid-cell_main-price select-text">$3.59</span><span class="product-grid-cell_hidden-price"></span></div><span class="product-grid-cell_size select-text" role="link" data-block-spinner="true" data-product-id="228699">6.5 oz box</span><span data-block-spinner="true" data-product-id="228699"><span class="product-grid-cell_unit select-text"> | $0.55 / oz</span></span><div class="buy-more-save-more_cta-grid-container"></div><div class="add-to-cart"><div class="add-to-cart_button"><button class="button button--add-to-cart" data-product-id="228699" data-price="3.59" data-cart-log-location="ORGANIC" data-persisted-quantity="0" data-other-information="{&quot;catPath&quot;:&quot;1,2543&quot;,&quot;sale&quot;:false,&quot;newArrival&quot;:false,&quot;sponsored&quot;:false,&quot;includeContentTrackingInfo&quot;:true}">Add to Cart</button></div><span class="element-invisible" aria-live="assertive"></span></div></div><div class="spyglass-container"></div></li><li role="region" tabindex="-1" aria-label="Doritos Simply Organic Tortilla Chips White Cheddar" class="product-cell product-grid-cell product-grid-cell--quad" data-id="89-&gt;223204" data-position="86"><div class="confirmation-wrapper confirmation-wrapper--hidden" id="confirmation-wrapper--223204"><div class="confirmation-whitewash"><div class="confirmation-dialog"><div class="confirmation-dialog_messages" tabindex="0"><h4 class="confirmation-dialog_message-headline">Remove This Item From Your Cart?</h4></div><div class="confirmation-dialog_action-container"><div class="confirmation-dialog_confirmation-button"><button class="button button--fourth" tabindex="0" data-product-id="223204" data-cart-log-location="ORGANIC" data-persisted-quantity="undefined" data-price="3.99">OK</button></div><div class="confirmation-dialog_cancel-button"><button class="button button--fourth" tabindex="0" data-product-id="223204">Cancel</button></div></div></div></div></div><div class="confirmation-wrapper" style="display: none;"><div class="confirmation-whitewash"></div></div><div class="vector-icon_absolute--left vector-icon_absolute--top buy-more-save-more_sticker-outer-container" aria-label="buy more save more" tabindex="0" role="link" data-pod-group="1184840" data-block-spinner="true"><span class="vector-icon_inline-text--left buy-more-save-more_link buy-more-save-more_view-deal-sticker"><div class="vector-icon_outer-wrapper"><div class="vector-icon_container vector-icon-size--xxlarge"><svg version="1.1" x="0px" y="0px" focusable="false" viewBox="0 0 1022 1024" class="vector-icon-color--bmsm" role="presentation" aria-hidden="true"><title>view deal icon</title><desc>vew deal icon</desc><path d="M882.478 520.133c0 179.904-164.594 325.744-367.631 325.744s-367.631-145.841-367.631-325.744c0-179.904 164.594-325.744 367.631-325.744s367.631 145.841 367.631 325.744z" class="path1" fill="rgb(255, 255, 255)"></path><path d="M1004.073 382.272c-40.667-15.047-79.708-29.687-119.968-44.734 14.64-40.667 28.467-80.114 43.107-122.002-44.734 0-86.621 0.407-130.135 0.407-1.627-43.514-2.847-84.994-4.473-129.728-41.074 14.64-80.114 28.874-121.188 43.514-16.674-37.414-33.347-74.421-50.834-113.461-33.347 28.060-64.661 54.901-96.788 82.148-30.094-29.28-59.374-58.154-89.468-87.841-19.52 38.634-37.82 74.421-56.934 111.835-39.041-17.080-76.454-33.754-115.902-51.241-4.88 44.734-9.76 87.028-14.234 129.728-42.701-2.847-83.774-5.287-127.695-7.727 12.2 42.294 23.18 82.554 34.974 124.035-40.667 13.827-79.301 27.247-120.375 41.074 25.62 34.974 50.427 68.321 75.641 102.888-33.347 28.060-65.881 55.307-100.041 83.774 37.82 22.774 73.608 43.921 108.988 65.068-20.334 37.82-40.261 74.421-61.001 112.241 42.701 8.947 84.994 17.894 128.102 26.84-7.32 42.701-14.234 82.554-21.147 124.442 45.141-7.32 85.808-14.234 128.508-21.147 8.947 42.294 17.080 82.148 25.62 124.442 38.634-23.994 74.828-46.767 111.835-69.541 24.807 36.6 47.987 71.168 72.794 107.768 25.62-34.974 50.021-67.914 75.234-101.668 36.194 23.587 70.761 46.361 107.768 70.761 11.387-41.887 22.367-82.148 32.94-122.408 43.921 10.98 84.994 21.147 129.322 32.127-4.473-44.734-8.54-85.808-12.607-128.508 41.074-5.693 81.741-10.98 124.848-17.080-16.267-33.754-30.094-65.474-46.361-95.568-9.353-17.487-8.54-26.84 11.387-35.787 30.094-13.42 58.561-30.5 89.061-46.767-31.72-31.314-61.814-60.187-92.315-90.281 27.247-32.94 53.274-64.254 81.334-97.601z" class="path2" fill="rgb(0, 0, 0)"></path><path d="M286.704 537.214l-85.808-114.275 30.907-8.54 63.441 88.248 7.727-108.581 30.907-8.54-13.014 142.335-34.16 9.353z" class="path3" fill="rgb(255, 255, 255)"></path><path d="M396.912 506.307l-36.194-128.102 27.247-7.727 36.194 128.102-27.247 7.727z" class="path4" fill="rgb(255, 255, 255)"></path><path d="M464.013 487.193l-36.194-128.102 90.688-25.62 6.913 23.994-63.441 17.894 7.727 26.84 62.221-17.487 6.913 23.994-62.221 17.487 8.133 29.28 63.441-17.894 6.913 23.994-91.095 25.62z" class="path5" fill="rgb(255, 255, 255)"></path><path d="M688.496 423.752l-47.174-81.741 2.44 94.348-28.874 8.133-72.794-117.935 30.5-8.54 48.801 86.214-2.033-99.228 21.147-6.1 50.427 85.808-3.66-99.228 30.5-8.54-0.407 138.675-28.874 8.133z" class="path6" fill="rgb(255, 255, 255)"></path><path d="M297.684 713.709l-36.194-128.102 50.427-14.234c40.261-11.387 75.234 6.507 86.214 44.734 10.98 39.041-9.76 71.981-49.614 83.368l-50.834 14.234zM370.478 623.835c-6.507-22.367-25.214-36.194-51.241-28.874l-23.587 6.507 22.774 80.114 23.18-6.507c25.214-6.507 34.974-29.28 28.874-51.241z" class="path7" fill="rgb(255, 255, 255)"></path><path d="M450.186 670.602l-36.194-128.102 90.688-25.62 6.913 23.994-63.441 17.894 7.727 26.84 62.221-17.487 6.913 23.994-62.221 17.487 8.133 29.28 63.441-17.894 6.913 23.994-91.095 25.62z" class="path8" fill="rgb(255, 255, 255)"></path><path d="M665.315 610.008l-14.234-19.52-54.901 15.454-2.033 23.994-30.907 8.54 13.014-142.335 34.16-9.76 85.808 114.275-30.907 9.353zM601.468 518.913l-4.473 61.001 39.854-11.387-35.38-49.614z" class="path9" fill="rgb(255, 255, 255)"></path><path d="M721.843 594.148l-36.194-128.102 27.654-7.727 29.28 104.108 54.087-15.454 6.913 23.994-81.741 23.18z" class="path10" fill="rgb(255, 255, 255)"></path></svg></div></div><span class="element-invisible">View items in deal</span></span></div><img src="./Snacks_Candy_Organic_files/2KGTZ.jpg" alt="Doritos Simply Organic Tortilla Chips White Cheddar" class="product-grid-cell_main-image" data-block-spinner="true" data-product-id="223204"><div class="product-grid-cell_price-tag overlay--open" tabindex="0" aria-hidden="false"><div class="product-grid-cell_name" role="link" tabindex="0" data-block-spinner="true" data-product-id="223204"><h3 class="product-grid-cell_name-text select-text">Doritos Simply Organic Tortilla Chips White Cheddar</h3></div><div class="product-grid-cell_price-container" role="link" data-block-spinner="true" data-product-id="223204"><div class="product-grid-cell_regular-price-container"><span class="product-grid-cell_was" aria-hidden="true"></span><span class="product-grid-cell_regular-price"></span></div><span class="product-grid-cell_main-price select-text">$3.99</span><span class="product-grid-cell_hidden-price"></span></div><span class="product-grid-cell_size select-text" role="link" data-block-spinner="true" data-product-id="223204">7.5 oz bag</span><span data-block-spinner="true" data-product-id="223204"><span class="product-grid-cell_unit select-text"> | $0.53 / oz</span></span><div class="buy-more-save-more_cta-grid-container" aria-label="Buy 3 @ $3.00 ea" tabindex="0" role="link" data-pod-group="1184840" data-block-spinner="true"><span class="buy-more-save-more_cta buy-more-save-more_link">Buy 3 @ $3.00 ea<span aria-hidden="true"></span></span></div><div class="add-to-cart"><div class="add-to-cart_button"><button class="button button--add-to-cart" data-product-id="223204" data-price="3.99" data-cart-log-location="ORGANIC" data-persisted-quantity="0" data-other-information="{&quot;catPath&quot;:&quot;1,2543&quot;,&quot;sale&quot;:false,&quot;newArrival&quot;:false,&quot;sponsored&quot;:false,&quot;includeContentTrackingInfo&quot;:true}">Add to Cart</button></div><span class="element-invisible" aria-live="assertive"></span></div></div><div class="product-grid-cell_bulk-buy-container overlay--closed" tabindex="-1" aria-hidden="true"><bulk-buy-scroller other-information="otherInformation" on-close="onCloseBMSMOverlay()" product="product" cart-log-location="cartLogLocation" options="options" product-id="product.prodId"><!----><div ng-class="{&#39;bulk-buy-scroller_container--vertical&#39;: $ctrl.options.bulkBuyVerticalStyle}" class="bulk-buy-scroller_container bulk-buy-scroller_container--vertical" ng-if="$ctrl.shouldShowBulkBuy()"><!----><div class="bulk-buy-scroller_header-container" ng-if="$ctrl.isSIMQ() || (!$ctrl.isSIMQ() &amp;&amp; $ctrl.isShelf()) "><!----><h4 id="bulk-buy-scroller_heading--223204" class="bulk-buy-scroller_heading text-center" ng-class="{
            &#39;bulk-buy-scroller_heading--reverse&#39;: $ctrl.options.bulkBuyReverseStyle,
            &#39;text-center&#39;: $ctrl.isShelf()
        }">Buy More Save More</h4><!----><button ng-if="($ctrl.options.bulkBuyReverseStyle || $ctrl.options.bulkBuyVerticalStyle)" ng-click="$ctrl.close()" ng-class="{
            &#39;bulk-buy-scroller_close-button--reverse&#39;: $ctrl.options.bulkBuyReverseStyle,
            &#39;bulk-buy-scroller_close-button--vertical&#39;: $ctrl.options.bulkBuyVerticalStyle,
            &#39;button--white-no-border&#39;: $ctrl.state.currentQuantity === 0,
            &#39;button--lightest-grey&#39;: $ctrl.state.currentQuantity &gt; 0
            }" class="button bulk-buy-scroller_close-button bulk-buy-scroller_close-button--vertical button--white-no-border" aria-label="Close Promotion Options" tabindex="0"><div class="vector-icon_outer-wrapper" svg-id="icon_close" svg-class="vector-icon-color--dark-grey" container-class="vector-icon-size--xxsmall" svg-title="Close Icon" svg-description="X Icon" svg-role="presentation" svg-aria-hidden="true"><div class="vector-icon_container vector-icon-size--xxsmall"><svg version="1.1" x="0px" y="0px" focusable="false" viewBox="0 0 1024 1024" class="vector-icon-color--dark-grey" role="presentation" aria-hidden="true"><title>Close Icon</title><desc>X Icon</desc><path d="M20.685 1003.315c27.546 27.546 72.397 27.546 99.942 0l391.373-391.373 391.373 391.373c27.546 27.546 72.397 27.546 99.942 0s27.546-72.397 0-99.942l-391.373-391.373 391.373-391.373c27.546-27.546 27.546-72.397 0-99.942s-72.397-27.546-99.942 0l-391.373 391.373-391.373-391.373c-27.546-27.546-72.397-27.546-99.942 0s-27.546 72.397 0 99.942l391.373 391.373-391.373 391.373c-27.597 27.546-27.597 72.397 0 99.942z" class="path1"></path></svg></div></div></button><!----></div><!----><!----><div class="bulk-buy-scroller_mix-match-container bulk-buy-scroller_mix-match-container--vertical" ng-if="!$ctrl.isSIMQ() &amp;&amp; $ctrl.isShelf()" ng-class="{
            &#39;bulk-buy-scroller_mix-match-container--reverse&#39;: $ctrl.options.bulkBuyReverseStyle,
            &#39;bulk-buy-scroller_mix-match-container--vertical&#39;: $ctrl.options.bulkBuyVerticalStyle,
            &#39;bulk-buy-scroller_mix-match-container--normal&#39;: $ctrl.options.bulkBuyNormalStyle
        }"><button class="button bulk-buy-scroller_mix-match-button" ng-click="$ctrl.openProductGroup()" tabindex="0"><span class="bulk-buy-scroller_button-headline">Buy 3 @ $3.00 ea</span> <span class="bulk-buy-scroller_button-cta">Mix &amp; Match Options </span></button></div><!----><!----><!----></div><!----></bulk-buy-scroller><div class="add-to-cart"><div class="add-to-cart_button"><button class="button button--add-to-cart" data-product-id="223204" data-price="3.99" data-cart-log-location="ORGANIC" data-persisted-quantity="0" data-other-information="{&quot;catPath&quot;:&quot;1,2543&quot;,&quot;sale&quot;:false,&quot;newArrival&quot;:false,&quot;sponsored&quot;:false,&quot;includeContentTrackingInfo&quot;:true}">Add to Cart</button></div><span class="element-invisible" aria-live="assertive"></span></div></div><div class="spyglass-container"></div></li><li role="region" tabindex="-1" aria-label="gimMe Roasted Seaweed Snacks Sea Salt Organic" class="product-cell product-grid-cell product-grid-cell--quad" data-id="90-&gt;205593" data-position="87"><div class="confirmation-wrapper confirmation-wrapper--hidden" id="confirmation-wrapper--205593"><div class="confirmation-whitewash"><div class="confirmation-dialog"><div class="confirmation-dialog_messages" tabindex="0"><h4 class="confirmation-dialog_message-headline">Remove This Item From Your Cart?</h4></div><div class="confirmation-dialog_action-container"><div class="confirmation-dialog_confirmation-button"><button class="button button--fourth" tabindex="0" data-product-id="205593" data-cart-log-location="ORGANIC" data-persisted-quantity="undefined" data-price="1.99">OK</button></div><div class="confirmation-dialog_cancel-button"><button class="button button--fourth" tabindex="0" data-product-id="205593">Cancel</button></div></div></div></div></div><div class="confirmation-wrapper" style="display: none;"><div class="confirmation-whitewash"></div></div><img src="./Snacks_Candy_Organic_files/7Z34W.jpg" alt="gimMe Roasted Seaweed Snacks Sea Salt Organic" class="product-grid-cell_main-image" data-block-spinner="true" data-product-id="205593"><div class="product-grid-cell_price-tag"><div class="product-grid-cell_name" role="link" tabindex="0" data-block-spinner="true" data-product-id="205593"><h3 class="product-grid-cell_name-text select-text">gimMe Roasted Seaweed Snacks Sea Salt Organic</h3></div><div class="product-grid-cell_price-container" role="link" data-block-spinner="true" data-product-id="205593"><div class="product-grid-cell_regular-price-container"><span class="product-grid-cell_was" aria-hidden="true"></span><span class="product-grid-cell_regular-price"></span></div><span class="product-grid-cell_main-price select-text">$1.99</span><span class="product-grid-cell_hidden-price"></span></div><span class="product-grid-cell_size select-text" role="link" data-block-spinner="true" data-product-id="205593">.35 oz pkg</span><span data-block-spinner="true" data-product-id="205593"><span class="product-grid-cell_unit select-text"> | $5.69 / oz</span></span><div class="buy-more-save-more_cta-grid-container"></div><div class="add-to-cart"><div class="add-to-cart_button"><button class="button button--add-to-cart" data-product-id="205593" data-price="1.99" data-cart-log-location="ORGANIC" data-persisted-quantity="0" data-other-information="{&quot;catPath&quot;:&quot;1,2543&quot;,&quot;sale&quot;:false,&quot;newArrival&quot;:false,&quot;sponsored&quot;:false,&quot;includeContentTrackingInfo&quot;:true}">Add to Cart</button></div><span class="element-invisible" aria-live="assertive"></span></div></div><div class="spyglass-container"></div></li><li role="region" tabindex="-1" aria-label="Mamma Chia Chia Squeeze Vitality Snack Green Magic Organic" class="product-cell product-grid-cell product-grid-cell--quad" data-id="91-&gt;201956" data-position="88"><div class="confirmation-wrapper confirmation-wrapper--hidden" id="confirmation-wrapper--201956"><div class="confirmation-whitewash"><div class="confirmation-dialog"><div class="confirmation-dialog_messages" tabindex="0"><h4 class="confirmation-dialog_message-headline">Remove This Item From Your Cart?</h4></div><div class="confirmation-dialog_action-container"><div class="confirmation-dialog_confirmation-button"><button class="button button--fourth" tabindex="0" data-product-id="201956" data-cart-log-location="ORGANIC" data-persisted-quantity="undefined" data-price="1.79">OK</button></div><div class="confirmation-dialog_cancel-button"><button class="button button--fourth" tabindex="0" data-product-id="201956">Cancel</button></div></div></div></div></div><div class="confirmation-wrapper" style="display: none;"><div class="confirmation-whitewash"></div></div><div class="vector-icon_absolute--left vector-icon_absolute--top buy-more-save-more_sticker-outer-container" aria-label="buy more save more" tabindex="0" role="link" data-pod-group="1183634" data-block-spinner="true"><span class="vector-icon_inline-text--left buy-more-save-more_link buy-more-save-more_view-deal-sticker"><div class="vector-icon_outer-wrapper"><div class="vector-icon_container vector-icon-size--xxlarge"><svg version="1.1" x="0px" y="0px" focusable="false" viewBox="0 0 1022 1024" class="vector-icon-color--bmsm" role="presentation" aria-hidden="true"><title>view deal icon</title><desc>vew deal icon</desc><path d="M882.478 520.133c0 179.904-164.594 325.744-367.631 325.744s-367.631-145.841-367.631-325.744c0-179.904 164.594-325.744 367.631-325.744s367.631 145.841 367.631 325.744z" class="path1" fill="rgb(255, 255, 255)"></path><path d="M1004.073 382.272c-40.667-15.047-79.708-29.687-119.968-44.734 14.64-40.667 28.467-80.114 43.107-122.002-44.734 0-86.621 0.407-130.135 0.407-1.627-43.514-2.847-84.994-4.473-129.728-41.074 14.64-80.114 28.874-121.188 43.514-16.674-37.414-33.347-74.421-50.834-113.461-33.347 28.060-64.661 54.901-96.788 82.148-30.094-29.28-59.374-58.154-89.468-87.841-19.52 38.634-37.82 74.421-56.934 111.835-39.041-17.080-76.454-33.754-115.902-51.241-4.88 44.734-9.76 87.028-14.234 129.728-42.701-2.847-83.774-5.287-127.695-7.727 12.2 42.294 23.18 82.554 34.974 124.035-40.667 13.827-79.301 27.247-120.375 41.074 25.62 34.974 50.427 68.321 75.641 102.888-33.347 28.060-65.881 55.307-100.041 83.774 37.82 22.774 73.608 43.921 108.988 65.068-20.334 37.82-40.261 74.421-61.001 112.241 42.701 8.947 84.994 17.894 128.102 26.84-7.32 42.701-14.234 82.554-21.147 124.442 45.141-7.32 85.808-14.234 128.508-21.147 8.947 42.294 17.080 82.148 25.62 124.442 38.634-23.994 74.828-46.767 111.835-69.541 24.807 36.6 47.987 71.168 72.794 107.768 25.62-34.974 50.021-67.914 75.234-101.668 36.194 23.587 70.761 46.361 107.768 70.761 11.387-41.887 22.367-82.148 32.94-122.408 43.921 10.98 84.994 21.147 129.322 32.127-4.473-44.734-8.54-85.808-12.607-128.508 41.074-5.693 81.741-10.98 124.848-17.080-16.267-33.754-30.094-65.474-46.361-95.568-9.353-17.487-8.54-26.84 11.387-35.787 30.094-13.42 58.561-30.5 89.061-46.767-31.72-31.314-61.814-60.187-92.315-90.281 27.247-32.94 53.274-64.254 81.334-97.601z" class="path2" fill="rgb(0, 0, 0)"></path><path d="M286.704 537.214l-85.808-114.275 30.907-8.54 63.441 88.248 7.727-108.581 30.907-8.54-13.014 142.335-34.16 9.353z" class="path3" fill="rgb(255, 255, 255)"></path><path d="M396.912 506.307l-36.194-128.102 27.247-7.727 36.194 128.102-27.247 7.727z" class="path4" fill="rgb(255, 255, 255)"></path><path d="M464.013 487.193l-36.194-128.102 90.688-25.62 6.913 23.994-63.441 17.894 7.727 26.84 62.221-17.487 6.913 23.994-62.221 17.487 8.133 29.28 63.441-17.894 6.913 23.994-91.095 25.62z" class="path5" fill="rgb(255, 255, 255)"></path><path d="M688.496 423.752l-47.174-81.741 2.44 94.348-28.874 8.133-72.794-117.935 30.5-8.54 48.801 86.214-2.033-99.228 21.147-6.1 50.427 85.808-3.66-99.228 30.5-8.54-0.407 138.675-28.874 8.133z" class="path6" fill="rgb(255, 255, 255)"></path><path d="M297.684 713.709l-36.194-128.102 50.427-14.234c40.261-11.387 75.234 6.507 86.214 44.734 10.98 39.041-9.76 71.981-49.614 83.368l-50.834 14.234zM370.478 623.835c-6.507-22.367-25.214-36.194-51.241-28.874l-23.587 6.507 22.774 80.114 23.18-6.507c25.214-6.507 34.974-29.28 28.874-51.241z" class="path7" fill="rgb(255, 255, 255)"></path><path d="M450.186 670.602l-36.194-128.102 90.688-25.62 6.913 23.994-63.441 17.894 7.727 26.84 62.221-17.487 6.913 23.994-62.221 17.487 8.133 29.28 63.441-17.894 6.913 23.994-91.095 25.62z" class="path8" fill="rgb(255, 255, 255)"></path><path d="M665.315 610.008l-14.234-19.52-54.901 15.454-2.033 23.994-30.907 8.54 13.014-142.335 34.16-9.76 85.808 114.275-30.907 9.353zM601.468 518.913l-4.473 61.001 39.854-11.387-35.38-49.614z" class="path9" fill="rgb(255, 255, 255)"></path><path d="M721.843 594.148l-36.194-128.102 27.654-7.727 29.28 104.108 54.087-15.454 6.913 23.994-81.741 23.18z" class="path10" fill="rgb(255, 255, 255)"></path></svg></div></div><span class="element-invisible">View items in deal</span></span></div><img src="./Snacks_Candy_Organic_files/5S694.jpg" alt="Mamma Chia Chia Squeeze Vitality Snack Green Magic Organic" class="product-grid-cell_main-image" data-block-spinner="true" data-product-id="201956"><div class="product-grid-cell_price-tag overlay--open" tabindex="0" aria-hidden="false"><div class="product-grid-cell_name" role="link" tabindex="0" data-block-spinner="true" data-product-id="201956"><h3 class="product-grid-cell_name-text select-text">Mamma Chia Chia Squeeze Vitality Snack Green Magic Organic</h3></div><div class="product-grid-cell_price-container" role="link" data-block-spinner="true" data-product-id="201956"><div class="product-grid-cell_regular-price-container"><span class="product-grid-cell_was" aria-hidden="true"></span><span class="product-grid-cell_regular-price"></span></div><span class="product-grid-cell_main-price select-text">$1.79</span><span class="product-grid-cell_hidden-price"></span></div><span class="product-grid-cell_size select-text" role="link" data-block-spinner="true" data-product-id="201956">3.5 oz pkg</span><span data-block-spinner="true" data-product-id="201956"><span class="product-grid-cell_unit select-text"> | $0.51 / oz</span></span><div class="buy-more-save-more_cta-grid-container" aria-label="Buy 2, $0.20 off ea" tabindex="0" role="link" data-pod-group="1183634" data-block-spinner="true"><span class="buy-more-save-more_cta buy-more-save-more_link">Buy 2, $0.20 off ea<span aria-hidden="true"></span></span></div><div class="add-to-cart"><div class="add-to-cart_button"><button class="button button--add-to-cart" data-product-id="201956" data-price="1.79" data-cart-log-location="ORGANIC" data-persisted-quantity="0" data-other-information="{&quot;catPath&quot;:&quot;1,2543&quot;,&quot;sale&quot;:false,&quot;newArrival&quot;:false,&quot;sponsored&quot;:false,&quot;includeContentTrackingInfo&quot;:true}">Add to Cart</button></div><span class="element-invisible" aria-live="assertive"></span></div></div><div class="product-grid-cell_bulk-buy-container overlay--closed" tabindex="-1" aria-hidden="true"><bulk-buy-scroller other-information="otherInformation" on-close="onCloseBMSMOverlay()" product="product" cart-log-location="cartLogLocation" options="options" product-id="product.prodId"><!----><div ng-class="{&#39;bulk-buy-scroller_container--vertical&#39;: $ctrl.options.bulkBuyVerticalStyle}" class="bulk-buy-scroller_container bulk-buy-scroller_container--vertical" ng-if="$ctrl.shouldShowBulkBuy()"><!----><div class="bulk-buy-scroller_header-container" ng-if="$ctrl.isSIMQ() || (!$ctrl.isSIMQ() &amp;&amp; $ctrl.isShelf()) "><!----><h4 id="bulk-buy-scroller_heading--201956" class="bulk-buy-scroller_heading text-center" ng-class="{
            &#39;bulk-buy-scroller_heading--reverse&#39;: $ctrl.options.bulkBuyReverseStyle,
            &#39;text-center&#39;: $ctrl.isShelf()
        }">Buy More Save More</h4><!----><button ng-if="($ctrl.options.bulkBuyReverseStyle || $ctrl.options.bulkBuyVerticalStyle)" ng-click="$ctrl.close()" ng-class="{
            &#39;bulk-buy-scroller_close-button--reverse&#39;: $ctrl.options.bulkBuyReverseStyle,
            &#39;bulk-buy-scroller_close-button--vertical&#39;: $ctrl.options.bulkBuyVerticalStyle,
            &#39;button--white-no-border&#39;: $ctrl.state.currentQuantity === 0,
            &#39;button--lightest-grey&#39;: $ctrl.state.currentQuantity &gt; 0
            }" class="button bulk-buy-scroller_close-button bulk-buy-scroller_close-button--vertical button--white-no-border" aria-label="Close Promotion Options" tabindex="0"><div class="vector-icon_outer-wrapper" svg-id="icon_close" svg-class="vector-icon-color--dark-grey" container-class="vector-icon-size--xxsmall" svg-title="Close Icon" svg-description="X Icon" svg-role="presentation" svg-aria-hidden="true"><div class="vector-icon_container vector-icon-size--xxsmall"><svg version="1.1" x="0px" y="0px" focusable="false" viewBox="0 0 1024 1024" class="vector-icon-color--dark-grey" role="presentation" aria-hidden="true"><title>Close Icon</title><desc>X Icon</desc><path d="M20.685 1003.315c27.546 27.546 72.397 27.546 99.942 0l391.373-391.373 391.373 391.373c27.546 27.546 72.397 27.546 99.942 0s27.546-72.397 0-99.942l-391.373-391.373 391.373-391.373c27.546-27.546 27.546-72.397 0-99.942s-72.397-27.546-99.942 0l-391.373 391.373-391.373-391.373c-27.546-27.546-72.397-27.546-99.942 0s-27.546 72.397 0 99.942l391.373 391.373-391.373 391.373c-27.597 27.546-27.597 72.397 0 99.942z" class="path1"></path></svg></div></div></button><!----></div><!----><!----><div class="bulk-buy-scroller_mix-match-container bulk-buy-scroller_mix-match-container--vertical" ng-if="!$ctrl.isSIMQ() &amp;&amp; $ctrl.isShelf()" ng-class="{
            &#39;bulk-buy-scroller_mix-match-container--reverse&#39;: $ctrl.options.bulkBuyReverseStyle,
            &#39;bulk-buy-scroller_mix-match-container--vertical&#39;: $ctrl.options.bulkBuyVerticalStyle,
            &#39;bulk-buy-scroller_mix-match-container--normal&#39;: $ctrl.options.bulkBuyNormalStyle
        }"><button class="button bulk-buy-scroller_mix-match-button" ng-click="$ctrl.openProductGroup()" tabindex="0"><span class="bulk-buy-scroller_button-headline">Buy 2, $0.20 off ea</span> <span class="bulk-buy-scroller_button-cta">Mix &amp; Match Options </span></button></div><!----><!----><!----></div><!----></bulk-buy-scroller><div class="add-to-cart"><div class="add-to-cart_button"><button class="button button--add-to-cart" data-product-id="201956" data-price="1.79" data-cart-log-location="ORGANIC" data-persisted-quantity="0" data-other-information="{&quot;catPath&quot;:&quot;1,2543&quot;,&quot;sale&quot;:false,&quot;newArrival&quot;:false,&quot;sponsored&quot;:false,&quot;includeContentTrackingInfo&quot;:true}">Add to Cart</button></div><span class="element-invisible" aria-live="assertive"></span></div></div><div class="spyglass-container"></div></li><li role="region" tabindex="-1" aria-label="Newman&#39;s Own Newman-O&#39;s Sandwich Cookies Original Creme Organic" class="product-cell product-grid-cell product-grid-cell--quad" data-id="92-&gt;124659" data-position="89"><div class="confirmation-wrapper confirmation-wrapper--hidden" id="confirmation-wrapper--124659"><div class="confirmation-whitewash"><div class="confirmation-dialog"><div class="confirmation-dialog_messages" tabindex="0"><h4 class="confirmation-dialog_message-headline">Remove This Item From Your Cart?</h4></div><div class="confirmation-dialog_action-container"><div class="confirmation-dialog_confirmation-button"><button class="button button--fourth" tabindex="0" data-product-id="124659" data-cart-log-location="ORGANIC" data-persisted-quantity="undefined" data-price="5.49">OK</button></div><div class="confirmation-dialog_cancel-button"><button class="button button--fourth" tabindex="0" data-product-id="124659">Cancel</button></div></div></div></div></div><div class="confirmation-wrapper" style="display: none;"><div class="confirmation-whitewash"></div></div><img src="./Snacks_Candy_Organic_files/063CH.jpg" alt="Newman&#39;s Own Newman-O&#39;s Sandwich Cookies Original Creme Organic" class="product-grid-cell_main-image" data-block-spinner="true" data-product-id="124659"><div class="product-grid-cell_price-tag"><div class="product-grid-cell_name" role="link" tabindex="0" data-block-spinner="true" data-product-id="124659"><h3 class="product-grid-cell_name-text select-text">Newman's Own Newman-O's Sandwich Cookies Original Creme Organic</h3></div><div class="product-grid-cell_price-container" role="link" data-block-spinner="true" data-product-id="124659"><div class="product-grid-cell_regular-price-container"><span class="product-grid-cell_was" aria-hidden="true"></span><span class="product-grid-cell_regular-price"></span></div><span class="product-grid-cell_main-price select-text">$5.49</span><span class="product-grid-cell_hidden-price"></span></div><span class="product-grid-cell_size select-text" role="link" data-block-spinner="true" data-product-id="124659">13 oz pkg</span><span data-block-spinner="true" data-product-id="124659"><span class="product-grid-cell_unit select-text"> | $0.42 / oz</span></span><div class="buy-more-save-more_cta-grid-container"></div><div class="add-to-cart"><div class="add-to-cart_button"><button class="button button--add-to-cart" data-product-id="124659" data-price="5.49" data-cart-log-location="ORGANIC" data-persisted-quantity="0" data-other-information="{&quot;catPath&quot;:&quot;1,2543&quot;,&quot;sale&quot;:false,&quot;newArrival&quot;:false,&quot;sponsored&quot;:false,&quot;includeContentTrackingInfo&quot;:true}">Add to Cart</button></div><span class="element-invisible" aria-live="assertive"></span></div></div><div class="spyglass-container"></div></li><li role="region" tabindex="-1" aria-label="Eden Pumpkin Seeds Dry-Roasted Organic" class="product-cell product-grid-cell product-grid-cell--quad" data-id="93-&gt;167905" data-position="90"><div class="confirmation-wrapper confirmation-wrapper--hidden" id="confirmation-wrapper--167905"><div class="confirmation-whitewash"><div class="confirmation-dialog"><div class="confirmation-dialog_messages" tabindex="0"><h4 class="confirmation-dialog_message-headline">Remove This Item From Your Cart?</h4></div><div class="confirmation-dialog_action-container"><div class="confirmation-dialog_confirmation-button"><button class="button button--fourth" tabindex="0" data-product-id="167905" data-cart-log-location="ORGANIC" data-persisted-quantity="undefined" data-price="3.39">OK</button></div><div class="confirmation-dialog_cancel-button"><button class="button button--fourth" tabindex="0" data-product-id="167905">Cancel</button></div></div></div></div></div><div class="confirmation-wrapper" style="display: none;"><div class="confirmation-whitewash"></div></div><img src="./Snacks_Candy_Organic_files/2183Y.jpg" alt="Eden Pumpkin Seeds Dry-Roasted Organic" class="product-grid-cell_main-image" data-block-spinner="true" data-product-id="167905"><div class="product-grid-cell_price-tag"><div class="product-grid-cell_name" role="link" tabindex="0" data-block-spinner="true" data-product-id="167905"><h3 class="product-grid-cell_name-text select-text">Eden Pumpkin Seeds Dry-Roasted Organic</h3></div><div class="product-grid-cell_price-container" role="link" data-block-spinner="true" data-product-id="167905"><div class="product-grid-cell_regular-price-container"><span class="product-grid-cell_was" aria-hidden="true"></span><span class="product-grid-cell_regular-price"></span></div><span class="product-grid-cell_main-price select-text">$3.39</span><span class="product-grid-cell_hidden-price"></span></div><span class="product-grid-cell_size select-text" role="link" data-block-spinner="true" data-product-id="167905">4 oz bag</span><span data-block-spinner="true" data-product-id="167905"><span class="product-grid-cell_unit select-text"> | $0.85 / oz</span></span><div class="buy-more-save-more_cta-grid-container"></div><div class="add-to-cart"><div class="add-to-cart_button"><button class="button button--add-to-cart" data-product-id="167905" data-price="3.39" data-cart-log-location="ORGANIC" data-persisted-quantity="0" data-other-information="{&quot;catPath&quot;:&quot;1,2543&quot;,&quot;sale&quot;:false,&quot;newArrival&quot;:false,&quot;sponsored&quot;:false,&quot;includeContentTrackingInfo&quot;:true}">Add to Cart</button></div><span class="element-invisible" aria-live="assertive"></span></div></div><div class="spyglass-container"></div></li><li role="region" tabindex="-1" aria-label="Clif Kid ZFRUiT Rope Energy Snacks Strawberry Organic - 6 ct" class="product-cell product-grid-cell product-grid-cell--quad" data-id="94-&gt;196541" data-position="91"><div class="confirmation-wrapper confirmation-wrapper--hidden" id="confirmation-wrapper--196541"><div class="confirmation-whitewash"><div class="confirmation-dialog"><div class="confirmation-dialog_messages" tabindex="0"><h4 class="confirmation-dialog_message-headline">Remove This Item From Your Cart?</h4></div><div class="confirmation-dialog_action-container"><div class="confirmation-dialog_confirmation-button"><button class="button button--fourth" tabindex="0" data-product-id="196541" data-cart-log-location="ORGANIC" data-persisted-quantity="undefined" data-price="3.99">OK</button></div><div class="confirmation-dialog_cancel-button"><button class="button button--fourth" tabindex="0" data-product-id="196541">Cancel</button></div></div></div></div></div><div class="confirmation-wrapper" style="display: none;"><div class="confirmation-whitewash"></div></div><img src="./Snacks_Candy_Organic_files/DBCJF.jpg" alt="Clif Kid ZFRUiT Rope Energy Snacks Strawberry Organic - 6 ct" class="product-grid-cell_main-image" data-block-spinner="true" data-product-id="196541"><div class="product-grid-cell_price-tag"><div class="product-grid-cell_name" role="link" tabindex="0" data-block-spinner="true" data-product-id="196541"><h3 class="product-grid-cell_name-text select-text">Clif Kid ZFRUiT Rope Energy Snacks Strawberry Organic - 6 ct</h3></div><div class="product-grid-cell_price-container" role="link" data-block-spinner="true" data-product-id="196541"><div class="product-grid-cell_regular-price-container"><span class="product-grid-cell_was" aria-hidden="true"></span><span class="product-grid-cell_regular-price"></span></div><span class="product-grid-cell_main-price select-text">$3.99</span><span class="product-grid-cell_hidden-price"></span></div><span class="product-grid-cell_size select-text" role="link" data-block-spinner="true" data-product-id="196541">4.2 oz box</span><span data-block-spinner="true" data-product-id="196541"><span class="product-grid-cell_unit select-text"> | $0.95 / oz</span></span><div class="buy-more-save-more_cta-grid-container"></div><div class="add-to-cart"><div class="add-to-cart_button"><button class="button button--add-to-cart" data-product-id="196541" data-price="3.99" data-cart-log-location="ORGANIC" data-persisted-quantity="0" data-other-information="{&quot;catPath&quot;:&quot;1,2543&quot;,&quot;sale&quot;:false,&quot;newArrival&quot;:false,&quot;sponsored&quot;:false,&quot;includeContentTrackingInfo&quot;:true}">Add to Cart</button></div><span class="element-invisible" aria-live="assertive"></span></div></div><div class="spyglass-container"></div></li><li role="region" tabindex="-1" aria-label="Back to Nature Crackers Stoneground Wheat Organic" class="product-cell product-grid-cell product-grid-cell--quad" data-id="95-&gt;163344" data-position="92"><div class="confirmation-wrapper confirmation-wrapper--hidden" id="confirmation-wrapper--163344"><div class="confirmation-whitewash"><div class="confirmation-dialog"><div class="confirmation-dialog_messages" tabindex="0"><h4 class="confirmation-dialog_message-headline">Remove This Item From Your Cart?</h4></div><div class="confirmation-dialog_action-container"><div class="confirmation-dialog_confirmation-button"><button class="button button--fourth" tabindex="0" data-product-id="163344" data-cart-log-location="ORGANIC" data-persisted-quantity="undefined" data-price="4.29">OK</button></div><div class="confirmation-dialog_cancel-button"><button class="button button--fourth" tabindex="0" data-product-id="163344">Cancel</button></div></div></div></div></div><div class="confirmation-wrapper" style="display: none;"><div class="confirmation-whitewash"></div></div><img src="./Snacks_Candy_Organic_files/I95GA.jpg" alt="Back to Nature Crackers Stoneground Wheat Organic" class="product-grid-cell_main-image" data-block-spinner="true" data-product-id="163344"><div class="product-grid-cell_price-tag"><div class="product-grid-cell_name" role="link" tabindex="0" data-block-spinner="true" data-product-id="163344"><h3 class="product-grid-cell_name-text select-text">Back to Nature Crackers Stoneground Wheat Organic</h3></div><div class="product-grid-cell_price-container" role="link" data-block-spinner="true" data-product-id="163344"><div class="product-grid-cell_regular-price-container"><span class="product-grid-cell_was" aria-hidden="true"></span><span class="product-grid-cell_regular-price"></span></div><span class="product-grid-cell_main-price select-text">$4.29</span><span class="product-grid-cell_hidden-price"></span></div><span class="product-grid-cell_size select-text" role="link" data-block-spinner="true" data-product-id="163344">6 oz box</span><span data-block-spinner="true" data-product-id="163344"><span class="product-grid-cell_unit select-text"> | $0.72 / oz</span></span><div class="buy-more-save-more_cta-grid-container"></div><div class="add-to-cart"><div class="add-to-cart_button"><button class="button button--add-to-cart" data-product-id="163344" data-price="4.29" data-cart-log-location="ORGANIC" data-persisted-quantity="0" data-other-information="{&quot;catPath&quot;:&quot;1,2543&quot;,&quot;sale&quot;:false,&quot;newArrival&quot;:false,&quot;sponsored&quot;:false,&quot;includeContentTrackingInfo&quot;:true}">Add to Cart</button></div><span class="element-invisible" aria-live="assertive"></span></div></div><div class="spyglass-container"></div></li><li role="region" tabindex="-1" aria-label="Cascadian Farm Granola Cinnamon Raisin Organic" class="product-cell product-grid-cell product-grid-cell--quad" data-id="96-&gt;158122" data-position="93"><div class="confirmation-wrapper confirmation-wrapper--hidden" id="confirmation-wrapper--158122"><div class="confirmation-whitewash"><div class="confirmation-dialog"><div class="confirmation-dialog_messages" tabindex="0"><h4 class="confirmation-dialog_message-headline">Remove This Item From Your Cart?</h4></div><div class="confirmation-dialog_action-container"><div class="confirmation-dialog_confirmation-button"><button class="button button--fourth" tabindex="0" data-product-id="158122" data-cart-log-location="ORGANIC" data-persisted-quantity="undefined" data-price="4.19">OK</button></div><div class="confirmation-dialog_cancel-button"><button class="button button--fourth" tabindex="0" data-product-id="158122">Cancel</button></div></div></div></div></div><div class="confirmation-wrapper" style="display: none;"><div class="confirmation-whitewash"></div></div><div class="vector-icon_absolute--left vector-icon_absolute--top buy-more-save-more_sticker-outer-container" aria-label="buy more save more" tabindex="0" role="link" data-pod-group="1188673" data-block-spinner="true"><span class="vector-icon_inline-text--left buy-more-save-more_link buy-more-save-more_view-deal-sticker"><div class="vector-icon_outer-wrapper"><div class="vector-icon_container vector-icon-size--xxlarge"><svg version="1.1" x="0px" y="0px" focusable="false" viewBox="0 0 1022 1024" class="vector-icon-color--bmsm" role="presentation" aria-hidden="true"><title>view deal icon</title><desc>vew deal icon</desc><path d="M882.478 520.133c0 179.904-164.594 325.744-367.631 325.744s-367.631-145.841-367.631-325.744c0-179.904 164.594-325.744 367.631-325.744s367.631 145.841 367.631 325.744z" class="path1" fill="rgb(255, 255, 255)"></path><path d="M1004.073 382.272c-40.667-15.047-79.708-29.687-119.968-44.734 14.64-40.667 28.467-80.114 43.107-122.002-44.734 0-86.621 0.407-130.135 0.407-1.627-43.514-2.847-84.994-4.473-129.728-41.074 14.64-80.114 28.874-121.188 43.514-16.674-37.414-33.347-74.421-50.834-113.461-33.347 28.060-64.661 54.901-96.788 82.148-30.094-29.28-59.374-58.154-89.468-87.841-19.52 38.634-37.82 74.421-56.934 111.835-39.041-17.080-76.454-33.754-115.902-51.241-4.88 44.734-9.76 87.028-14.234 129.728-42.701-2.847-83.774-5.287-127.695-7.727 12.2 42.294 23.18 82.554 34.974 124.035-40.667 13.827-79.301 27.247-120.375 41.074 25.62 34.974 50.427 68.321 75.641 102.888-33.347 28.060-65.881 55.307-100.041 83.774 37.82 22.774 73.608 43.921 108.988 65.068-20.334 37.82-40.261 74.421-61.001 112.241 42.701 8.947 84.994 17.894 128.102 26.84-7.32 42.701-14.234 82.554-21.147 124.442 45.141-7.32 85.808-14.234 128.508-21.147 8.947 42.294 17.080 82.148 25.62 124.442 38.634-23.994 74.828-46.767 111.835-69.541 24.807 36.6 47.987 71.168 72.794 107.768 25.62-34.974 50.021-67.914 75.234-101.668 36.194 23.587 70.761 46.361 107.768 70.761 11.387-41.887 22.367-82.148 32.94-122.408 43.921 10.98 84.994 21.147 129.322 32.127-4.473-44.734-8.54-85.808-12.607-128.508 41.074-5.693 81.741-10.98 124.848-17.080-16.267-33.754-30.094-65.474-46.361-95.568-9.353-17.487-8.54-26.84 11.387-35.787 30.094-13.42 58.561-30.5 89.061-46.767-31.72-31.314-61.814-60.187-92.315-90.281 27.247-32.94 53.274-64.254 81.334-97.601z" class="path2" fill="rgb(0, 0, 0)"></path><path d="M286.704 537.214l-85.808-114.275 30.907-8.54 63.441 88.248 7.727-108.581 30.907-8.54-13.014 142.335-34.16 9.353z" class="path3" fill="rgb(255, 255, 255)"></path><path d="M396.912 506.307l-36.194-128.102 27.247-7.727 36.194 128.102-27.247 7.727z" class="path4" fill="rgb(255, 255, 255)"></path><path d="M464.013 487.193l-36.194-128.102 90.688-25.62 6.913 23.994-63.441 17.894 7.727 26.84 62.221-17.487 6.913 23.994-62.221 17.487 8.133 29.28 63.441-17.894 6.913 23.994-91.095 25.62z" class="path5" fill="rgb(255, 255, 255)"></path><path d="M688.496 423.752l-47.174-81.741 2.44 94.348-28.874 8.133-72.794-117.935 30.5-8.54 48.801 86.214-2.033-99.228 21.147-6.1 50.427 85.808-3.66-99.228 30.5-8.54-0.407 138.675-28.874 8.133z" class="path6" fill="rgb(255, 255, 255)"></path><path d="M297.684 713.709l-36.194-128.102 50.427-14.234c40.261-11.387 75.234 6.507 86.214 44.734 10.98 39.041-9.76 71.981-49.614 83.368l-50.834 14.234zM370.478 623.835c-6.507-22.367-25.214-36.194-51.241-28.874l-23.587 6.507 22.774 80.114 23.18-6.507c25.214-6.507 34.974-29.28 28.874-51.241z" class="path7" fill="rgb(255, 255, 255)"></path><path d="M450.186 670.602l-36.194-128.102 90.688-25.62 6.913 23.994-63.441 17.894 7.727 26.84 62.221-17.487 6.913 23.994-62.221 17.487 8.133 29.28 63.441-17.894 6.913 23.994-91.095 25.62z" class="path8" fill="rgb(255, 255, 255)"></path><path d="M665.315 610.008l-14.234-19.52-54.901 15.454-2.033 23.994-30.907 8.54 13.014-142.335 34.16-9.76 85.808 114.275-30.907 9.353zM601.468 518.913l-4.473 61.001 39.854-11.387-35.38-49.614z" class="path9" fill="rgb(255, 255, 255)"></path><path d="M721.843 594.148l-36.194-128.102 27.654-7.727 29.28 104.108 54.087-15.454 6.913 23.994-81.741 23.18z" class="path10" fill="rgb(255, 255, 255)"></path></svg></div></div><span class="element-invisible">View items in deal</span></span></div><img src="./Snacks_Candy_Organic_files/45GAJ.jpg" alt="Cascadian Farm Granola Cinnamon Raisin Organic" class="product-grid-cell_main-image" data-block-spinner="true" data-product-id="158122"><div class="product-grid-cell_price-tag overlay--open" tabindex="0" aria-hidden="false"><div class="product-grid-cell_name" role="link" tabindex="0" data-block-spinner="true" data-product-id="158122"><h3 class="product-grid-cell_name-text select-text">Cascadian Farm Granola Cinnamon Raisin Organic</h3></div><div class="product-grid-cell_price-container" role="link" data-block-spinner="true" data-product-id="158122"><div class="product-grid-cell_regular-price-container"><span class="product-grid-cell_was" aria-hidden="true"></span><span class="product-grid-cell_regular-price"></span></div><span class="product-grid-cell_main-price select-text">$4.19</span><span class="product-grid-cell_hidden-price"></span></div><span class="product-grid-cell_size select-text" role="link" data-block-spinner="true" data-product-id="158122">15.6 oz box</span><span data-block-spinner="true" data-product-id="158122"><span class="product-grid-cell_unit select-text"> | $0.27 / oz</span></span><div class="buy-more-save-more_cta-grid-container" aria-label="Buy 3 @ $3.00 ea" tabindex="0" role="link" data-pod-group="1188673" data-block-spinner="true"><span class="buy-more-save-more_cta buy-more-save-more_link">Buy 3 @ $3.00 ea<span aria-hidden="true"></span></span></div><div class="add-to-cart"><div class="add-to-cart_button"><button class="button button--add-to-cart" data-product-id="158122" data-price="4.19" data-cart-log-location="ORGANIC" data-persisted-quantity="0" data-other-information="{&quot;catPath&quot;:&quot;1,2543&quot;,&quot;sale&quot;:false,&quot;newArrival&quot;:false,&quot;sponsored&quot;:false,&quot;includeContentTrackingInfo&quot;:true}">Add to Cart</button></div><span class="element-invisible" aria-live="assertive"></span></div></div><div class="product-grid-cell_bulk-buy-container overlay--closed" tabindex="-1" aria-hidden="true"><bulk-buy-scroller other-information="otherInformation" on-close="onCloseBMSMOverlay()" product="product" cart-log-location="cartLogLocation" options="options" product-id="product.prodId"><!----><div ng-class="{&#39;bulk-buy-scroller_container--vertical&#39;: $ctrl.options.bulkBuyVerticalStyle}" class="bulk-buy-scroller_container bulk-buy-scroller_container--vertical" ng-if="$ctrl.shouldShowBulkBuy()"><!----><div class="bulk-buy-scroller_header-container" ng-if="$ctrl.isSIMQ() || (!$ctrl.isSIMQ() &amp;&amp; $ctrl.isShelf()) "><!----><h4 id="bulk-buy-scroller_heading--158122" class="bulk-buy-scroller_heading text-center" ng-class="{
            &#39;bulk-buy-scroller_heading--reverse&#39;: $ctrl.options.bulkBuyReverseStyle,
            &#39;text-center&#39;: $ctrl.isShelf()
        }">Buy More Save More</h4><!----><button ng-if="($ctrl.options.bulkBuyReverseStyle || $ctrl.options.bulkBuyVerticalStyle)" ng-click="$ctrl.close()" ng-class="{
            &#39;bulk-buy-scroller_close-button--reverse&#39;: $ctrl.options.bulkBuyReverseStyle,
            &#39;bulk-buy-scroller_close-button--vertical&#39;: $ctrl.options.bulkBuyVerticalStyle,
            &#39;button--white-no-border&#39;: $ctrl.state.currentQuantity === 0,
            &#39;button--lightest-grey&#39;: $ctrl.state.currentQuantity &gt; 0
            }" class="button bulk-buy-scroller_close-button bulk-buy-scroller_close-button--vertical button--white-no-border" aria-label="Close Promotion Options" tabindex="0"><div class="vector-icon_outer-wrapper" svg-id="icon_close" svg-class="vector-icon-color--dark-grey" container-class="vector-icon-size--xxsmall" svg-title="Close Icon" svg-description="X Icon" svg-role="presentation" svg-aria-hidden="true"><div class="vector-icon_container vector-icon-size--xxsmall"><svg version="1.1" x="0px" y="0px" focusable="false" viewBox="0 0 1024 1024" class="vector-icon-color--dark-grey" role="presentation" aria-hidden="true"><title>Close Icon</title><desc>X Icon</desc><path d="M20.685 1003.315c27.546 27.546 72.397 27.546 99.942 0l391.373-391.373 391.373 391.373c27.546 27.546 72.397 27.546 99.942 0s27.546-72.397 0-99.942l-391.373-391.373 391.373-391.373c27.546-27.546 27.546-72.397 0-99.942s-72.397-27.546-99.942 0l-391.373 391.373-391.373-391.373c-27.546-27.546-72.397-27.546-99.942 0s-27.546 72.397 0 99.942l391.373 391.373-391.373 391.373c-27.597 27.546-27.597 72.397 0 99.942z" class="path1"></path></svg></div></div></button><!----></div><!----><!----><div class="bulk-buy-scroller_mix-match-container bulk-buy-scroller_mix-match-container--vertical" ng-if="!$ctrl.isSIMQ() &amp;&amp; $ctrl.isShelf()" ng-class="{
            &#39;bulk-buy-scroller_mix-match-container--reverse&#39;: $ctrl.options.bulkBuyReverseStyle,
            &#39;bulk-buy-scroller_mix-match-container--vertical&#39;: $ctrl.options.bulkBuyVerticalStyle,
            &#39;bulk-buy-scroller_mix-match-container--normal&#39;: $ctrl.options.bulkBuyNormalStyle
        }"><button class="button bulk-buy-scroller_mix-match-button" ng-click="$ctrl.openProductGroup()" tabindex="0"><span class="bulk-buy-scroller_button-headline">Buy 3 @ $3.00 ea</span> <span class="bulk-buy-scroller_button-cta">Mix &amp; Match Options </span></button></div><!----><!----><!----></div><!----></bulk-buy-scroller><div class="add-to-cart"><div class="add-to-cart_button"><button class="button button--add-to-cart" data-product-id="158122" data-price="4.19" data-cart-log-location="ORGANIC" data-persisted-quantity="0" data-other-information="{&quot;catPath&quot;:&quot;1,2543&quot;,&quot;sale&quot;:false,&quot;newArrival&quot;:false,&quot;sponsored&quot;:false,&quot;includeContentTrackingInfo&quot;:true}">Add to Cart</button></div><span class="element-invisible" aria-live="assertive"></span></div></div><div class="spyglass-container"></div></li><li role="region" tabindex="-1" aria-label="Garden of Eatin&#39; Tortilla Chips Red Hot Blues Gluten Free Organic" class="product-cell product-grid-cell product-grid-cell--quad" data-id="97-&gt;156332" data-position="94"><div class="confirmation-wrapper confirmation-wrapper--hidden" id="confirmation-wrapper--156332"><div class="confirmation-whitewash"><div class="confirmation-dialog"><div class="confirmation-dialog_messages" tabindex="0"><h4 class="confirmation-dialog_message-headline">Remove This Item From Your Cart?</h4></div><div class="confirmation-dialog_action-container"><div class="confirmation-dialog_confirmation-button"><button class="button button--fourth" tabindex="0" data-product-id="156332" data-cart-log-location="ORGANIC" data-persisted-quantity="undefined" data-price="4.29">OK</button></div><div class="confirmation-dialog_cancel-button"><button class="button button--fourth" tabindex="0" data-product-id="156332">Cancel</button></div></div></div></div></div><div class="confirmation-wrapper" style="display: none;"><div class="confirmation-whitewash"></div></div><img src="./Snacks_Candy_Organic_files/TP1SM.jpg" alt="Garden of Eatin&#39; Tortilla Chips Red Hot Blues Gluten Free Organic" class="product-grid-cell_main-image" data-block-spinner="true" data-product-id="156332"><div class="product-grid-cell_price-tag"><div class="product-grid-cell_name" role="link" tabindex="0" data-block-spinner="true" data-product-id="156332"><h3 class="product-grid-cell_name-text select-text">Garden of Eatin' Tortilla Chips Red Hot Blues Gluten Free Organic</h3></div><div class="product-grid-cell_price-container" role="link" data-block-spinner="true" data-product-id="156332"><div class="product-grid-cell_regular-price-container"><span class="product-grid-cell_was" aria-hidden="true"></span><span class="product-grid-cell_regular-price"></span></div><span class="product-grid-cell_main-price select-text">$4.29</span><span class="product-grid-cell_hidden-price"></span></div><span class="product-grid-cell_size select-text" role="link" data-block-spinner="true" data-product-id="156332">8.1 oz bag</span><span data-block-spinner="true" data-product-id="156332"><span class="product-grid-cell_unit select-text"> | $0.53 / oz</span></span><div class="buy-more-save-more_cta-grid-container"></div><div class="add-to-cart"><div class="add-to-cart_button"><button class="button button--add-to-cart" data-product-id="156332" data-price="4.29" data-cart-log-location="ORGANIC" data-persisted-quantity="0" data-other-information="{&quot;catPath&quot;:&quot;1,2543&quot;,&quot;sale&quot;:false,&quot;newArrival&quot;:false,&quot;sponsored&quot;:false,&quot;includeContentTrackingInfo&quot;:true}">Add to Cart</button></div><span class="element-invisible" aria-live="assertive"></span></div></div><div class="spyglass-container"></div></li><li role="region" tabindex="-1" aria-label="Nature&#39;s Promise Organic Double Fruit Twist Blue Pomegranate - 6 pk" class="product-cell product-grid-cell product-grid-cell--quad" data-id="98-&gt;219920" data-position="95"><div class="confirmation-wrapper confirmation-wrapper--hidden" id="confirmation-wrapper--219920"><div class="confirmation-whitewash"><div class="confirmation-dialog"><div class="confirmation-dialog_messages" tabindex="0"><h4 class="confirmation-dialog_message-headline">Remove This Item From Your Cart?</h4></div><div class="confirmation-dialog_action-container"><div class="confirmation-dialog_confirmation-button"><button class="button button--fourth" tabindex="0" data-product-id="219920" data-cart-log-location="ORGANIC" data-persisted-quantity="undefined" data-price="2.79">OK</button></div><div class="confirmation-dialog_cancel-button"><button class="button button--fourth" tabindex="0" data-product-id="219920">Cancel</button></div></div></div></div></div><div class="confirmation-wrapper" style="display: none;"><div class="confirmation-whitewash"></div></div><img src="./Snacks_Candy_Organic_files/SYXJA.jpg" alt="Nature&#39;s Promise Organic Double Fruit Twist Blue Pomegranate - 6 pk" class="product-grid-cell_main-image" data-block-spinner="true" data-product-id="219920"><div class="product-grid-cell_price-tag"><div class="product-grid-cell_name" role="link" tabindex="0" data-block-spinner="true" data-product-id="219920"><h3 class="product-grid-cell_name-text select-text"><span class="vector-icon_inline-text--left"><div class="vector-icon_outer-wrapper"><div class="vector-icon_container vector-icon-size--xsmall"><svg version="1.1" x="0px" y="0px" focusable="false" viewBox="0 0 945 1024" class="" role="presentation" aria-hidden="true"><title>Ahold Wedge Icon</title><desc>Ahold Icon</desc><path d="M1.893 730.617c-1.289-2.094-2.052-4.631-2.052-7.346 0-0.747 0.058-1.481 0.169-2.197 0.158-12.396 10.227-22.466 22.687-22.634l895.306-0c12.476 0.168 22.545 10.237 22.713 22.698-0.521 3.721-1.182 6.924-2.024 10.053l0.131-0.574c-86.363 175.072-263.598 293.385-468.466 293.385s-382.103-118.313-467.105-290.339l-1.361-3.046z" class="path1" fill="rgb(247, 168, 0)"></path><path d="M107.889 132.495c1.893-1.893 1.893-3.786 3.786-5.678 2.98-3.491 7.385-5.69 12.303-5.69s9.323 2.199 12.284 5.668l0.019 0.022 476.983 476.983c3.491 2.98 5.69 7.385 5.69 12.303s-2.199 9.323-5.668 12.284c-1.399 1.869-3.361 3.216-5.631 3.789l-0.069 0.015c-38.446 13.732-82.796 21.669-129.001 21.669-108.416 0-206.626-43.699-277.977-114.443-70.367-71.826-113.809-170.317-113.809-278.955 0-45.803 7.722-89.803 21.936-130.767l-0.845 2.8z" class="path2" fill="rgb(226, 35, 26)"></path><path d="M600.015 1.893c1.247-1.204 2.948-1.946 4.822-1.946 0.302 0 0.6 0.019 0.891 0.057 0.057-0.006 0.164-0.007 0.272-0.007 7.15 0 12.947 5.796 12.947 12.947 0 0.108-0.001 0.215-0.004 0.322l0-0.016v503.482c0.002 0.091 0.004 0.199 0.004 0.306 0 7.15-5.796 12.947-12.947 12.947-0.108 0-0.215-0.001-0.322-0.004-0.241 0.034-0.539 0.053-0.841 0.053-1.874 0-3.574-0.742-4.824-1.948l0.002 0.002c-98.273-48.542-164.673-148.065-164.673-263.098s66.401-214.556 162.964-262.333l1.709-0.765z" class="path3" fill="rgb(113, 33, 119)"></path><path d="M938.824 283.919c1.893 0 1.893 1.893 3.786 1.893 1.765 2.012 2.841 4.666 2.841 7.571s-1.077 5.559-2.853 7.584l0.011-0.013-268.776 266.884c-2.012 1.765-4.666 2.841-7.571 2.841s-5.559-1.077-7.584-2.853c-1.144-0.651-1.911-1.879-1.911-3.285 0-0.172 0.012-0.342 0.034-0.508l-0.002 0.019c-7.681-21.529-12.12-46.363-12.12-72.235 0-61.263 24.891-116.712 65.111-156.786 39.326-39.792 93.895-64.431 154.219-64.431 26.857 0 52.573 4.884 76.309 13.812l-1.494-0.493z" class="path4" fill="rgb(130, 188, 0)"></path></svg></div></div></span>Nature's Promise Organic Double Fruit Twist Blue Pomegranate - 6 pk</h3></div><div class="product-grid-cell_price-container" role="link" data-block-spinner="true" data-product-id="219920"><div class="product-grid-cell_regular-price-container"><span class="product-grid-cell_was" aria-hidden="true"></span><span class="product-grid-cell_regular-price"></span></div><span class="product-grid-cell_main-price select-text">$2.79</span><span class="product-grid-cell_hidden-price"></span></div><span class="product-grid-cell_size select-text" role="link" data-block-spinner="true" data-product-id="219920">3.8 oz box</span><span data-block-spinner="true" data-product-id="219920"><span class="product-grid-cell_unit select-text"> | $0.73 / oz</span></span><div class="buy-more-save-more_cta-grid-container"></div><div class="add-to-cart"><div class="add-to-cart_button"><button class="button button--add-to-cart" data-product-id="219920" data-price="2.79" data-cart-log-location="ORGANIC" data-persisted-quantity="0" data-other-information="{&quot;catPath&quot;:&quot;1,2543&quot;,&quot;sale&quot;:false,&quot;newArrival&quot;:false,&quot;sponsored&quot;:false,&quot;includeContentTrackingInfo&quot;:true}">Add to Cart</button></div><span class="element-invisible" aria-live="assertive"></span></div></div><div class="spyglass-container"></div></li><li role="region" tabindex="-1" aria-label="Annie&#39;s Homegrown Friends Bunny Grahams Variety Packs Organic - 12 ct" class="product-cell product-grid-cell product-grid-cell--quad" data-id="99-&gt;224967" data-position="96"><div class="confirmation-wrapper confirmation-wrapper--hidden" id="confirmation-wrapper--224967"><div class="confirmation-whitewash"><div class="confirmation-dialog"><div class="confirmation-dialog_messages" tabindex="0"><h4 class="confirmation-dialog_message-headline">Remove This Item From Your Cart?</h4></div><div class="confirmation-dialog_action-container"><div class="confirmation-dialog_confirmation-button"><button class="button button--fourth" tabindex="0" data-product-id="224967" data-cart-log-location="ORGANIC" data-persisted-quantity="undefined" data-price="5.79">OK</button></div><div class="confirmation-dialog_cancel-button"><button class="button button--fourth" tabindex="0" data-product-id="224967">Cancel</button></div></div></div></div></div><div class="confirmation-wrapper" style="display: none;"><div class="confirmation-whitewash"></div></div><img src="./Snacks_Candy_Organic_files/4Q9UP.jpg" alt="Annie&#39;s Homegrown Friends Bunny Grahams Variety Packs Organic - 12 ct" class="product-grid-cell_main-image" data-block-spinner="true" data-product-id="224967"><div class="product-grid-cell_price-tag"><div class="product-grid-cell_name" role="link" tabindex="0" data-block-spinner="true" data-product-id="224967"><h3 class="product-grid-cell_name-text select-text">Annie's Homegrown Friends Bunny Grahams Variety Packs Organic - 12 ct</h3></div><div class="product-grid-cell_price-container" role="link" data-block-spinner="true" data-product-id="224967"><div class="product-grid-cell_regular-price-container"><span class="product-grid-cell_was" aria-hidden="true"></span><span class="product-grid-cell_regular-price"></span></div><span class="product-grid-cell_main-price select-text">$5.79</span><span class="product-grid-cell_hidden-price"></span></div><span class="product-grid-cell_size select-text" role="link" data-block-spinner="true" data-product-id="224967">12 oz box</span><span data-block-spinner="true" data-product-id="224967"><span class="product-grid-cell_unit select-text"> | $0.48 / oz</span></span><div class="buy-more-save-more_cta-grid-container"></div><div class="add-to-cart"><div class="add-to-cart_button"><button class="button button--add-to-cart" data-product-id="224967" data-price="5.79" data-cart-log-location="ORGANIC" data-persisted-quantity="0" data-other-information="{&quot;catPath&quot;:&quot;1,2543&quot;,&quot;sale&quot;:false,&quot;newArrival&quot;:false,&quot;sponsored&quot;:false,&quot;includeContentTrackingInfo&quot;:true}">Add to Cart</button></div><span class="element-invisible" aria-live="assertive"></span></div></div><div class="spyglass-container"></div></li><li role="region" tabindex="-1" aria-label="Nature&#39;s Promise Organic Hummus Garden Vegetable" class="product-cell product-grid-cell product-grid-cell--quad" data-id="100-&gt;221581" data-position="97"><div class="confirmation-wrapper confirmation-wrapper--hidden" id="confirmation-wrapper--221581"><div class="confirmation-whitewash"><div class="confirmation-dialog"><div class="confirmation-dialog_messages" tabindex="0"><h4 class="confirmation-dialog_message-headline">Remove This Item From Your Cart?</h4></div><div class="confirmation-dialog_action-container"><div class="confirmation-dialog_confirmation-button"><button class="button button--fourth" tabindex="0" data-product-id="221581" data-cart-log-location="ORGANIC" data-persisted-quantity="undefined" data-price="3.69">OK</button></div><div class="confirmation-dialog_cancel-button"><button class="button button--fourth" tabindex="0" data-product-id="221581">Cancel</button></div></div></div></div></div><div class="confirmation-wrapper" style="display: none;"><div class="confirmation-whitewash"></div></div><img src="./Snacks_Candy_Organic_files/1QWDP.jpg" alt="Nature&#39;s Promise Organic Hummus Garden Vegetable" class="product-grid-cell_main-image" data-block-spinner="true" data-product-id="221581"><div class="product-grid-cell_price-tag"><div class="product-grid-cell_name" role="link" tabindex="0" data-block-spinner="true" data-product-id="221581"><h3 class="product-grid-cell_name-text select-text"><span class="vector-icon_inline-text--left"><div class="vector-icon_outer-wrapper"><div class="vector-icon_container vector-icon-size--xsmall"><svg version="1.1" x="0px" y="0px" focusable="false" viewBox="0 0 945 1024" class="" role="presentation" aria-hidden="true"><title>Ahold Wedge Icon</title><desc>Ahold Icon</desc><path d="M1.893 730.617c-1.289-2.094-2.052-4.631-2.052-7.346 0-0.747 0.058-1.481 0.169-2.197 0.158-12.396 10.227-22.466 22.687-22.634l895.306-0c12.476 0.168 22.545 10.237 22.713 22.698-0.521 3.721-1.182 6.924-2.024 10.053l0.131-0.574c-86.363 175.072-263.598 293.385-468.466 293.385s-382.103-118.313-467.105-290.339l-1.361-3.046z" class="path1" fill="rgb(247, 168, 0)"></path><path d="M107.889 132.495c1.893-1.893 1.893-3.786 3.786-5.678 2.98-3.491 7.385-5.69 12.303-5.69s9.323 2.199 12.284 5.668l0.019 0.022 476.983 476.983c3.491 2.98 5.69 7.385 5.69 12.303s-2.199 9.323-5.668 12.284c-1.399 1.869-3.361 3.216-5.631 3.789l-0.069 0.015c-38.446 13.732-82.796 21.669-129.001 21.669-108.416 0-206.626-43.699-277.977-114.443-70.367-71.826-113.809-170.317-113.809-278.955 0-45.803 7.722-89.803 21.936-130.767l-0.845 2.8z" class="path2" fill="rgb(226, 35, 26)"></path><path d="M600.015 1.893c1.247-1.204 2.948-1.946 4.822-1.946 0.302 0 0.6 0.019 0.891 0.057 0.057-0.006 0.164-0.007 0.272-0.007 7.15 0 12.947 5.796 12.947 12.947 0 0.108-0.001 0.215-0.004 0.322l0-0.016v503.482c0.002 0.091 0.004 0.199 0.004 0.306 0 7.15-5.796 12.947-12.947 12.947-0.108 0-0.215-0.001-0.322-0.004-0.241 0.034-0.539 0.053-0.841 0.053-1.874 0-3.574-0.742-4.824-1.948l0.002 0.002c-98.273-48.542-164.673-148.065-164.673-263.098s66.401-214.556 162.964-262.333l1.709-0.765z" class="path3" fill="rgb(113, 33, 119)"></path><path d="M938.824 283.919c1.893 0 1.893 1.893 3.786 1.893 1.765 2.012 2.841 4.666 2.841 7.571s-1.077 5.559-2.853 7.584l0.011-0.013-268.776 266.884c-2.012 1.765-4.666 2.841-7.571 2.841s-5.559-1.077-7.584-2.853c-1.144-0.651-1.911-1.879-1.911-3.285 0-0.172 0.012-0.342 0.034-0.508l-0.002 0.019c-7.681-21.529-12.12-46.363-12.12-72.235 0-61.263 24.891-116.712 65.111-156.786 39.326-39.792 93.895-64.431 154.219-64.431 26.857 0 52.573 4.884 76.309 13.812l-1.494-0.493z" class="path4" fill="rgb(130, 188, 0)"></path></svg></div></div></span>Nature's Promise Organic Hummus Garden Vegetable</h3></div><div class="product-grid-cell_price-container" role="link" data-block-spinner="true" data-product-id="221581"><div class="product-grid-cell_regular-price-container"><span class="product-grid-cell_was" aria-hidden="true"></span><span class="product-grid-cell_regular-price"></span></div><span class="product-grid-cell_main-price select-text">$3.69</span><span class="product-grid-cell_hidden-price"></span></div><span class="product-grid-cell_size select-text" role="link" data-block-spinner="true" data-product-id="221581">8 oz tub</span><span data-block-spinner="true" data-product-id="221581"><span class="product-grid-cell_unit select-text"> | $0.46 / oz</span></span><div class="buy-more-save-more_cta-grid-container"></div><div class="add-to-cart"><div class="add-to-cart_button"><button class="button button--add-to-cart" data-product-id="221581" data-price="3.69" data-cart-log-location="ORGANIC" data-persisted-quantity="0" data-other-information="{&quot;catPath&quot;:&quot;1,2543&quot;,&quot;sale&quot;:false,&quot;newArrival&quot;:false,&quot;sponsored&quot;:false,&quot;includeContentTrackingInfo&quot;:true}">Add to Cart</button></div><span class="element-invisible" aria-live="assertive"></span></div></div><div class="spyglass-container"></div></li><li role="region" tabindex="-1" aria-label="Newman&#39;s Own Family Recipe Chocolate Chip Cookies Organic" class="product-cell product-grid-cell product-grid-cell--quad" data-id="101-&gt;124232" data-position="98"><div class="confirmation-wrapper confirmation-wrapper--hidden" id="confirmation-wrapper--124232"><div class="confirmation-whitewash"><div class="confirmation-dialog"><div class="confirmation-dialog_messages" tabindex="0"><h4 class="confirmation-dialog_message-headline">Remove This Item From Your Cart?</h4></div><div class="confirmation-dialog_action-container"><div class="confirmation-dialog_confirmation-button"><button class="button button--fourth" tabindex="0" data-product-id="124232" data-cart-log-location="ORGANIC" data-persisted-quantity="undefined" data-price="3.29">OK</button></div><div class="confirmation-dialog_cancel-button"><button class="button button--fourth" tabindex="0" data-product-id="124232">Cancel</button></div></div></div></div></div><div class="confirmation-wrapper" style="display: none;"><div class="confirmation-whitewash"></div></div><img src="./Snacks_Candy_Organic_files/YMMEU.jpg" alt="Newman&#39;s Own Family Recipe Chocolate Chip Cookies Organic" class="product-grid-cell_main-image" data-block-spinner="true" data-product-id="124232"><div class="product-grid-cell_price-tag"><div class="product-grid-cell_name" role="link" tabindex="0" data-block-spinner="true" data-product-id="124232"><h3 class="product-grid-cell_name-text select-text">Newman's Own Family Recipe Chocolate Chip Cookies Organic</h3></div><div class="product-grid-cell_price-container" role="link" data-block-spinner="true" data-product-id="124232"><div class="product-grid-cell_regular-price-container"><span class="product-grid-cell_was" aria-hidden="true"></span><span class="product-grid-cell_regular-price"></span></div><span class="product-grid-cell_main-price select-text">$3.29</span><span class="product-grid-cell_hidden-price"></span></div><span class="product-grid-cell_size select-text" role="link" data-block-spinner="true" data-product-id="124232">7 oz bag</span><span data-block-spinner="true" data-product-id="124232"><span class="product-grid-cell_unit select-text"> | $0.47 / oz</span></span><div class="buy-more-save-more_cta-grid-container"></div><div class="add-to-cart"><div class="add-to-cart_button"><button class="button button--add-to-cart" data-product-id="124232" data-price="3.29" data-cart-log-location="ORGANIC" data-persisted-quantity="0" data-other-information="{&quot;catPath&quot;:&quot;1,2543&quot;,&quot;sale&quot;:false,&quot;newArrival&quot;:false,&quot;sponsored&quot;:false,&quot;includeContentTrackingInfo&quot;:true}">Add to Cart</button></div><span class="element-invisible" aria-live="assertive"></span></div></div><div class="spyglass-container"></div></li><li role="region" tabindex="-1" aria-label="Late July Tortilla Chips Multigrain Mild Green Mojo Gluten Free Organic" class="product-cell product-grid-cell product-grid-cell--quad" data-id="102-&gt;181301" data-position="99"><div class="confirmation-wrapper confirmation-wrapper--hidden" id="confirmation-wrapper--181301"><div class="confirmation-whitewash"><div class="confirmation-dialog"><div class="confirmation-dialog_messages" tabindex="0"><h4 class="confirmation-dialog_message-headline">Remove This Item From Your Cart?</h4></div><div class="confirmation-dialog_action-container"><div class="confirmation-dialog_confirmation-button"><button class="button button--fourth" tabindex="0" data-product-id="181301" data-cart-log-location="ORGANIC" data-persisted-quantity="undefined" data-price="3.69">OK</button></div><div class="confirmation-dialog_cancel-button"><button class="button button--fourth" tabindex="0" data-product-id="181301">Cancel</button></div></div></div></div></div><div class="confirmation-wrapper" style="display: none;"><div class="confirmation-whitewash"></div></div><img src="./Snacks_Candy_Organic_files/8EYWM.jpg" alt="Late July Tortilla Chips Multigrain Mild Green Mojo Gluten Free Organic" class="product-grid-cell_main-image" data-block-spinner="true" data-product-id="181301"><div class="product-grid-cell_price-tag"><div class="product-grid-cell_name" role="link" tabindex="0" data-block-spinner="true" data-product-id="181301"><h3 class="product-grid-cell_name-text select-text">Late July Tortilla Chips Multigrain Mild Green Mojo Gluten Free Organic</h3></div><div class="product-grid-cell_price-container" role="link" data-block-spinner="true" data-product-id="181301"><div class="product-grid-cell_regular-price-container"><span class="product-grid-cell_was" aria-hidden="true"></span><span class="product-grid-cell_regular-price"></span></div><span class="product-grid-cell_main-price select-text">$3.69</span><span class="product-grid-cell_hidden-price"></span></div><span class="product-grid-cell_size select-text" role="link" data-block-spinner="true" data-product-id="181301">5.5 oz bag</span><span data-block-spinner="true" data-product-id="181301"><span class="product-grid-cell_unit select-text"> | $0.67 / oz</span></span><div class="buy-more-save-more_cta-grid-container"></div><div class="add-to-cart"><div class="add-to-cart_button"><button class="button button--add-to-cart" data-product-id="181301" data-price="3.69" data-cart-log-location="ORGANIC" data-persisted-quantity="0" data-other-information="{&quot;catPath&quot;:&quot;1,2543&quot;,&quot;sale&quot;:false,&quot;newArrival&quot;:false,&quot;sponsored&quot;:false,&quot;includeContentTrackingInfo&quot;:true}">Add to Cart</button></div><span class="element-invisible" aria-live="assertive"></span></div></div><div class="spyglass-container"></div></li><li role="region" tabindex="-1" aria-label="Green &amp; Black&#39;s 85% Cocoa Content Organic Dark Chocolate Bar" class="product-cell product-grid-cell product-grid-cell--quad" data-id="103-&gt;158128" data-position="100"><div class="confirmation-wrapper confirmation-wrapper--hidden" id="confirmation-wrapper--158128"><div class="confirmation-whitewash"><div class="confirmation-dialog"><div class="confirmation-dialog_messages" tabindex="0"><h4 class="confirmation-dialog_message-headline">Remove This Item From Your Cart?</h4></div><div class="confirmation-dialog_action-container"><div class="confirmation-dialog_confirmation-button"><button class="button button--fourth" tabindex="0" data-product-id="158128" data-cart-log-location="ORGANIC" data-persisted-quantity="undefined" data-price="3.99">OK</button></div><div class="confirmation-dialog_cancel-button"><button class="button button--fourth" tabindex="0" data-product-id="158128">Cancel</button></div></div></div></div></div><div class="confirmation-wrapper" style="display: none;"><div class="confirmation-whitewash"></div></div><img src="./Snacks_Candy_Organic_files/FL897.jpg" alt="Green &amp; Black&#39;s 85% Cocoa Content Organic Dark Chocolate Bar" class="product-grid-cell_main-image" data-block-spinner="true" data-product-id="158128"><div class="product-grid-cell_price-tag"><div class="product-grid-cell_name" role="link" tabindex="0" data-block-spinner="true" data-product-id="158128"><h3 class="product-grid-cell_name-text select-text">Green &amp; Black's 85% Cocoa Content Organic Dark Chocolate Bar</h3></div><div class="product-grid-cell_price-container" role="link" data-block-spinner="true" data-product-id="158128"><div class="product-grid-cell_regular-price-container"><span class="product-grid-cell_was" aria-hidden="true"></span><span class="product-grid-cell_regular-price"></span></div><span class="product-grid-cell_main-price select-text">$3.99</span><span class="product-grid-cell_hidden-price"></span></div><span class="product-grid-cell_size select-text" role="link" data-block-spinner="true" data-product-id="158128">3.17 oz bar</span><span data-block-spinner="true" data-product-id="158128"><span class="product-grid-cell_unit select-text"> | $1.26 / oz</span></span><div class="buy-more-save-more_cta-grid-container"></div><div class="add-to-cart"><div class="add-to-cart_button"><button class="button button--add-to-cart" data-product-id="158128" data-price="3.99" data-cart-log-location="ORGANIC" data-persisted-quantity="0" data-other-information="{&quot;catPath&quot;:&quot;1,2543&quot;,&quot;sale&quot;:false,&quot;newArrival&quot;:false,&quot;sponsored&quot;:false,&quot;includeContentTrackingInfo&quot;:true}">Add to Cart</button></div><span class="element-invisible" aria-live="assertive"></span></div></div><div class="spyglass-container"></div></li><li><div collection-interweave-item="interwovenContent"><div generic-content-interweave-datasource="" data="interwovenContent.content.content" region="browse_aisles_shelf_content" class=""><div generic-content-region="" region="browse_aisles_shelf_content" interwoven="true"><div><div ng-class="methods.classForRegionSize(regionSize, ! content.model.contentData[ interwovenContent.content.region ], methods.contentLayouts(content.model.contentData[ interwovenContent.content.region ], regionSize).layout.length )" width-variable="regionSize" width-values="widthBreakpoints.defaultBreakpoints" class="generic-content_region-contents--medium"><!----><div ng-class="methods.classForContentItem(contentItem, $last, $first)" ng-repeat="contentItem in methods.contentLayouts(content.model.contentData[ interwovenContent.content.region ], regionSize).layout" class="generic-content_content-item--full-width generic-content_content-item--omega generic-content_content-item--alpha"><div class="generic-content_renderer" generic-content-renderer="contentItem"><div class="generic-content_renderer-contents" ng-class="{&#39;generic-content_renderer-contents--loading&#39; : state.preloading}" style=""><div ng-switch="" on="adContentWidth" content-interaction-tracker="" width-variable="adContentWidth" width-values="widthBreakpoints.defaultBreakpoints"><!----><!----><div ng-switch-default="" class="generic-content_content-item-table" quotient-ad-datasource=""><div class="adsense_wrapper adsense_wrapper--alpha generic-content_content-item-table-cell"><div class="adsense_container" quotient-ad="" classes="interwoven ? &#39;interweaved-content_leader interweaved-content_trailer&#39; : &#39;splash-page_ads-container&#39;" size="[728,90]" cat-tree-id="productData.category.categoryTreeId" keywords="productData.keywords"><div id="gpt-ad-139" class="interweaved-content_leader interweaved-content_trailer"></div></div></div></div><!----></div></div><div class="generic-content_renderer-animation-container animation-fade ng-hide" ng-hide="!state.preloading" style=""><div width-variable="contentSize" width-observer="contentMethods.contentWidthObserver" width-values="widthBreakpoints.defaultBreakpoints" class="generic-content_renderer-animation "></div></div></div></div><!----></div></div></div></div></div></li><li role="region" tabindex="-1" aria-label="Aloha Plant-Based Protein Bar Peanut Butter Chocolate Chip Organic" class="product-cell product-grid-cell product-grid-cell--quad" data-id="105-&gt;227775" data-position="101"><div class="confirmation-wrapper confirmation-wrapper--hidden" id="confirmation-wrapper--227775"><div class="confirmation-whitewash"><div class="confirmation-dialog"><div class="confirmation-dialog_messages" tabindex="0"><h4 class="confirmation-dialog_message-headline">Remove This Item From Your Cart?</h4></div><div class="confirmation-dialog_action-container"><div class="confirmation-dialog_confirmation-button"><button class="button button--fourth" tabindex="0" data-product-id="227775" data-cart-log-location="ORGANIC" data-persisted-quantity="undefined" data-price="2.49">OK</button></div><div class="confirmation-dialog_cancel-button"><button class="button button--fourth" tabindex="0" data-product-id="227775">Cancel</button></div></div></div></div></div><div class="confirmation-wrapper" style="display: none;"><div class="confirmation-whitewash"></div></div><img src="./Snacks_Candy_Organic_files/2W32P.jpg" alt="Aloha Plant-Based Protein Bar Peanut Butter Chocolate Chip Organic" class="product-grid-cell_main-image" data-block-spinner="true" data-product-id="227775"><div class="product-grid-cell_price-tag"><div class="product-grid-cell_name" role="link" tabindex="0" data-block-spinner="true" data-product-id="227775"><h3 class="product-grid-cell_name-text select-text">Aloha Plant-Based Protein Bar Peanut Butter Chocolate Chip Organic</h3></div><div class="product-grid-cell_price-container" role="link" data-block-spinner="true" data-product-id="227775"><div class="product-grid-cell_regular-price-container"><span class="product-grid-cell_was" aria-hidden="true"></span><span class="product-grid-cell_regular-price"></span></div><span class="product-grid-cell_main-price select-text">$2.49</span><span class="product-grid-cell_hidden-price"></span></div><span class="product-grid-cell_size select-text" role="link" data-block-spinner="true" data-product-id="227775">1.9 oz bar</span><span data-block-spinner="true" data-product-id="227775"><span class="product-grid-cell_unit select-text"> | $1.31 / oz</span></span><div class="buy-more-save-more_cta-grid-container"></div><div class="add-to-cart"><div class="add-to-cart_button"><button class="button button--add-to-cart" data-product-id="227775" data-price="2.49" data-cart-log-location="ORGANIC" data-persisted-quantity="0" data-other-information="{&quot;catPath&quot;:&quot;1,2543&quot;,&quot;sale&quot;:false,&quot;newArrival&quot;:false,&quot;sponsored&quot;:false,&quot;includeContentTrackingInfo&quot;:true}">Add to Cart</button></div><span class="element-invisible" aria-live="assertive"></span></div></div><div class="spyglass-container"></div></li><li role="region" tabindex="-1" aria-label="Cascadian Farm Granola French Vanilla Almond Organic" class="product-cell product-grid-cell product-grid-cell--quad" data-id="106-&gt;188010" data-position="102"><div class="confirmation-wrapper confirmation-wrapper--hidden" id="confirmation-wrapper--188010"><div class="confirmation-whitewash"><div class="confirmation-dialog"><div class="confirmation-dialog_messages" tabindex="0"><h4 class="confirmation-dialog_message-headline">Remove This Item From Your Cart?</h4></div><div class="confirmation-dialog_action-container"><div class="confirmation-dialog_confirmation-button"><button class="button button--fourth" tabindex="0" data-product-id="188010" data-cart-log-location="ORGANIC" data-persisted-quantity="undefined" data-price="4.19">OK</button></div><div class="confirmation-dialog_cancel-button"><button class="button button--fourth" tabindex="0" data-product-id="188010">Cancel</button></div></div></div></div></div><div class="confirmation-wrapper" style="display: none;"><div class="confirmation-whitewash"></div></div><div class="vector-icon_absolute--left vector-icon_absolute--top buy-more-save-more_sticker-outer-container" aria-label="buy more save more" tabindex="0" role="link" data-pod-group="1188673" data-block-spinner="true"><span class="vector-icon_inline-text--left buy-more-save-more_link buy-more-save-more_view-deal-sticker"><div class="vector-icon_outer-wrapper"><div class="vector-icon_container vector-icon-size--xxlarge"><svg version="1.1" x="0px" y="0px" focusable="false" viewBox="0 0 1022 1024" class="vector-icon-color--bmsm" role="presentation" aria-hidden="true"><title>view deal icon</title><desc>vew deal icon</desc><path d="M882.478 520.133c0 179.904-164.594 325.744-367.631 325.744s-367.631-145.841-367.631-325.744c0-179.904 164.594-325.744 367.631-325.744s367.631 145.841 367.631 325.744z" class="path1" fill="rgb(255, 255, 255)"></path><path d="M1004.073 382.272c-40.667-15.047-79.708-29.687-119.968-44.734 14.64-40.667 28.467-80.114 43.107-122.002-44.734 0-86.621 0.407-130.135 0.407-1.627-43.514-2.847-84.994-4.473-129.728-41.074 14.64-80.114 28.874-121.188 43.514-16.674-37.414-33.347-74.421-50.834-113.461-33.347 28.060-64.661 54.901-96.788 82.148-30.094-29.28-59.374-58.154-89.468-87.841-19.52 38.634-37.82 74.421-56.934 111.835-39.041-17.080-76.454-33.754-115.902-51.241-4.88 44.734-9.76 87.028-14.234 129.728-42.701-2.847-83.774-5.287-127.695-7.727 12.2 42.294 23.18 82.554 34.974 124.035-40.667 13.827-79.301 27.247-120.375 41.074 25.62 34.974 50.427 68.321 75.641 102.888-33.347 28.060-65.881 55.307-100.041 83.774 37.82 22.774 73.608 43.921 108.988 65.068-20.334 37.82-40.261 74.421-61.001 112.241 42.701 8.947 84.994 17.894 128.102 26.84-7.32 42.701-14.234 82.554-21.147 124.442 45.141-7.32 85.808-14.234 128.508-21.147 8.947 42.294 17.080 82.148 25.62 124.442 38.634-23.994 74.828-46.767 111.835-69.541 24.807 36.6 47.987 71.168 72.794 107.768 25.62-34.974 50.021-67.914 75.234-101.668 36.194 23.587 70.761 46.361 107.768 70.761 11.387-41.887 22.367-82.148 32.94-122.408 43.921 10.98 84.994 21.147 129.322 32.127-4.473-44.734-8.54-85.808-12.607-128.508 41.074-5.693 81.741-10.98 124.848-17.080-16.267-33.754-30.094-65.474-46.361-95.568-9.353-17.487-8.54-26.84 11.387-35.787 30.094-13.42 58.561-30.5 89.061-46.767-31.72-31.314-61.814-60.187-92.315-90.281 27.247-32.94 53.274-64.254 81.334-97.601z" class="path2" fill="rgb(0, 0, 0)"></path><path d="M286.704 537.214l-85.808-114.275 30.907-8.54 63.441 88.248 7.727-108.581 30.907-8.54-13.014 142.335-34.16 9.353z" class="path3" fill="rgb(255, 255, 255)"></path><path d="M396.912 506.307l-36.194-128.102 27.247-7.727 36.194 128.102-27.247 7.727z" class="path4" fill="rgb(255, 255, 255)"></path><path d="M464.013 487.193l-36.194-128.102 90.688-25.62 6.913 23.994-63.441 17.894 7.727 26.84 62.221-17.487 6.913 23.994-62.221 17.487 8.133 29.28 63.441-17.894 6.913 23.994-91.095 25.62z" class="path5" fill="rgb(255, 255, 255)"></path><path d="M688.496 423.752l-47.174-81.741 2.44 94.348-28.874 8.133-72.794-117.935 30.5-8.54 48.801 86.214-2.033-99.228 21.147-6.1 50.427 85.808-3.66-99.228 30.5-8.54-0.407 138.675-28.874 8.133z" class="path6" fill="rgb(255, 255, 255)"></path><path d="M297.684 713.709l-36.194-128.102 50.427-14.234c40.261-11.387 75.234 6.507 86.214 44.734 10.98 39.041-9.76 71.981-49.614 83.368l-50.834 14.234zM370.478 623.835c-6.507-22.367-25.214-36.194-51.241-28.874l-23.587 6.507 22.774 80.114 23.18-6.507c25.214-6.507 34.974-29.28 28.874-51.241z" class="path7" fill="rgb(255, 255, 255)"></path><path d="M450.186 670.602l-36.194-128.102 90.688-25.62 6.913 23.994-63.441 17.894 7.727 26.84 62.221-17.487 6.913 23.994-62.221 17.487 8.133 29.28 63.441-17.894 6.913 23.994-91.095 25.62z" class="path8" fill="rgb(255, 255, 255)"></path><path d="M665.315 610.008l-14.234-19.52-54.901 15.454-2.033 23.994-30.907 8.54 13.014-142.335 34.16-9.76 85.808 114.275-30.907 9.353zM601.468 518.913l-4.473 61.001 39.854-11.387-35.38-49.614z" class="path9" fill="rgb(255, 255, 255)"></path><path d="M721.843 594.148l-36.194-128.102 27.654-7.727 29.28 104.108 54.087-15.454 6.913 23.994-81.741 23.18z" class="path10" fill="rgb(255, 255, 255)"></path></svg></div></div><span class="element-invisible">View items in deal</span></span></div><img src="./Snacks_Candy_Organic_files/48SF1.jpg" alt="Cascadian Farm Granola French Vanilla Almond Organic" class="product-grid-cell_main-image" data-block-spinner="true" data-product-id="188010"><div class="product-grid-cell_price-tag overlay--open" tabindex="0" aria-hidden="false"><div class="product-grid-cell_name" role="link" tabindex="0" data-block-spinner="true" data-product-id="188010"><h3 class="product-grid-cell_name-text select-text">Cascadian Farm Granola French Vanilla Almond Organic</h3></div><div class="product-grid-cell_price-container" role="link" data-block-spinner="true" data-product-id="188010"><div class="product-grid-cell_regular-price-container"><span class="product-grid-cell_was" aria-hidden="true"></span><span class="product-grid-cell_regular-price"></span></div><span class="product-grid-cell_main-price select-text">$4.19</span><span class="product-grid-cell_hidden-price"></span></div><span class="product-grid-cell_size select-text" role="link" data-block-spinner="true" data-product-id="188010">13 oz box</span><span data-block-spinner="true" data-product-id="188010"><span class="product-grid-cell_unit select-text"> | $0.32 / oz</span></span><div class="buy-more-save-more_cta-grid-container" aria-label="Buy 3 @ $3.00 ea" tabindex="0" role="link" data-pod-group="1188673" data-block-spinner="true"><span class="buy-more-save-more_cta buy-more-save-more_link">Buy 3 @ $3.00 ea<span aria-hidden="true"></span></span></div><div class="add-to-cart"><div class="add-to-cart_button"><button class="button button--add-to-cart" data-product-id="188010" data-price="4.19" data-cart-log-location="ORGANIC" data-persisted-quantity="0" data-other-information="{&quot;catPath&quot;:&quot;1,2543&quot;,&quot;sale&quot;:false,&quot;newArrival&quot;:false,&quot;sponsored&quot;:false,&quot;includeContentTrackingInfo&quot;:true}">Add to Cart</button></div><span class="element-invisible" aria-live="assertive"></span></div></div><div class="product-grid-cell_bulk-buy-container overlay--closed" tabindex="-1" aria-hidden="true"><bulk-buy-scroller other-information="otherInformation" on-close="onCloseBMSMOverlay()" product="product" cart-log-location="cartLogLocation" options="options" product-id="product.prodId"><!----><div ng-class="{&#39;bulk-buy-scroller_container--vertical&#39;: $ctrl.options.bulkBuyVerticalStyle}" class="bulk-buy-scroller_container bulk-buy-scroller_container--vertical" ng-if="$ctrl.shouldShowBulkBuy()"><!----><div class="bulk-buy-scroller_header-container" ng-if="$ctrl.isSIMQ() || (!$ctrl.isSIMQ() &amp;&amp; $ctrl.isShelf()) "><!----><h4 id="bulk-buy-scroller_heading--188010" class="bulk-buy-scroller_heading text-center" ng-class="{
            &#39;bulk-buy-scroller_heading--reverse&#39;: $ctrl.options.bulkBuyReverseStyle,
            &#39;text-center&#39;: $ctrl.isShelf()
        }">Buy More Save More</h4><!----><button ng-if="($ctrl.options.bulkBuyReverseStyle || $ctrl.options.bulkBuyVerticalStyle)" ng-click="$ctrl.close()" ng-class="{
            &#39;bulk-buy-scroller_close-button--reverse&#39;: $ctrl.options.bulkBuyReverseStyle,
            &#39;bulk-buy-scroller_close-button--vertical&#39;: $ctrl.options.bulkBuyVerticalStyle,
            &#39;button--white-no-border&#39;: $ctrl.state.currentQuantity === 0,
            &#39;button--lightest-grey&#39;: $ctrl.state.currentQuantity &gt; 0
            }" class="button bulk-buy-scroller_close-button bulk-buy-scroller_close-button--vertical button--white-no-border" aria-label="Close Promotion Options" tabindex="0"><div class="vector-icon_outer-wrapper" svg-id="icon_close" svg-class="vector-icon-color--dark-grey" container-class="vector-icon-size--xxsmall" svg-title="Close Icon" svg-description="X Icon" svg-role="presentation" svg-aria-hidden="true"><div class="vector-icon_container vector-icon-size--xxsmall"><svg version="1.1" x="0px" y="0px" focusable="false" viewBox="0 0 1024 1024" class="vector-icon-color--dark-grey" role="presentation" aria-hidden="true"><title>Close Icon</title><desc>X Icon</desc><path d="M20.685 1003.315c27.546 27.546 72.397 27.546 99.942 0l391.373-391.373 391.373 391.373c27.546 27.546 72.397 27.546 99.942 0s27.546-72.397 0-99.942l-391.373-391.373 391.373-391.373c27.546-27.546 27.546-72.397 0-99.942s-72.397-27.546-99.942 0l-391.373 391.373-391.373-391.373c-27.546-27.546-72.397-27.546-99.942 0s-27.546 72.397 0 99.942l391.373 391.373-391.373 391.373c-27.597 27.546-27.597 72.397 0 99.942z" class="path1"></path></svg></div></div></button><!----></div><!----><!----><div class="bulk-buy-scroller_mix-match-container bulk-buy-scroller_mix-match-container--vertical" ng-if="!$ctrl.isSIMQ() &amp;&amp; $ctrl.isShelf()" ng-class="{
            &#39;bulk-buy-scroller_mix-match-container--reverse&#39;: $ctrl.options.bulkBuyReverseStyle,
            &#39;bulk-buy-scroller_mix-match-container--vertical&#39;: $ctrl.options.bulkBuyVerticalStyle,
            &#39;bulk-buy-scroller_mix-match-container--normal&#39;: $ctrl.options.bulkBuyNormalStyle
        }"><button class="button bulk-buy-scroller_mix-match-button" ng-click="$ctrl.openProductGroup()" tabindex="0"><span class="bulk-buy-scroller_button-headline">Buy 3 @ $3.00 ea</span> <span class="bulk-buy-scroller_button-cta">Mix &amp; Match Options </span></button></div><!----><!----><!----></div><!----></bulk-buy-scroller><div class="add-to-cart"><div class="add-to-cart_button"><button class="button button--add-to-cart" data-product-id="188010" data-price="4.19" data-cart-log-location="ORGANIC" data-persisted-quantity="0" data-other-information="{&quot;catPath&quot;:&quot;1,2543&quot;,&quot;sale&quot;:false,&quot;newArrival&quot;:false,&quot;sponsored&quot;:false,&quot;includeContentTrackingInfo&quot;:true}">Add to Cart</button></div><span class="element-invisible" aria-live="assertive"></span></div></div><div class="spyglass-container"></div></li><li role="region" tabindex="-1" aria-label="Real Foods Corn Thins Original Organic - 25 ct" class="product-cell product-grid-cell product-grid-cell--quad" data-id="107-&gt;190722" data-position="103"><div class="confirmation-wrapper confirmation-wrapper--hidden" id="confirmation-wrapper--190722"><div class="confirmation-whitewash"><div class="confirmation-dialog"><div class="confirmation-dialog_messages" tabindex="0"><h4 class="confirmation-dialog_message-headline">Remove This Item From Your Cart?</h4></div><div class="confirmation-dialog_action-container"><div class="confirmation-dialog_confirmation-button"><button class="button button--fourth" tabindex="0" data-product-id="190722" data-cart-log-location="ORGANIC" data-persisted-quantity="undefined" data-price="3.19">OK</button></div><div class="confirmation-dialog_cancel-button"><button class="button button--fourth" tabindex="0" data-product-id="190722">Cancel</button></div></div></div></div></div><div class="confirmation-wrapper" style="display: none;"><div class="confirmation-whitewash"></div></div><img src="./Snacks_Candy_Organic_files/RH662.jpg" alt="Real Foods Corn Thins Original Organic - 25 ct" class="product-grid-cell_main-image" data-block-spinner="true" data-product-id="190722"><div class="product-grid-cell_price-tag"><div class="product-grid-cell_name" role="link" tabindex="0" data-block-spinner="true" data-product-id="190722"><h3 class="product-grid-cell_name-text select-text">Real Foods Corn Thins Original Organic - 25 ct</h3></div><div class="product-grid-cell_price-container" role="link" data-block-spinner="true" data-product-id="190722"><div class="product-grid-cell_regular-price-container"><span class="product-grid-cell_was" aria-hidden="true"></span><span class="product-grid-cell_regular-price"></span></div><span class="product-grid-cell_main-price select-text">$3.19</span><span class="product-grid-cell_hidden-price"></span></div><span class="product-grid-cell_size select-text" role="link" data-block-spinner="true" data-product-id="190722">5.3 oz bag</span><span data-block-spinner="true" data-product-id="190722"><span class="product-grid-cell_unit select-text"> | $0.60 / oz</span></span><div class="buy-more-save-more_cta-grid-container"></div><div class="add-to-cart"><div class="add-to-cart_button"><button class="button button--add-to-cart" data-product-id="190722" data-price="3.19" data-cart-log-location="ORGANIC" data-persisted-quantity="0" data-other-information="{&quot;catPath&quot;:&quot;1,2543&quot;,&quot;sale&quot;:false,&quot;newArrival&quot;:false,&quot;sponsored&quot;:false,&quot;includeContentTrackingInfo&quot;:true}">Add to Cart</button></div><span class="element-invisible" aria-live="assertive"></span></div></div><div class="spyglass-container"></div></li><li role="region" tabindex="-1" aria-label="Cascadian Farm Chewy Granola Bars Harvest Berry Organic - 6 ct" class="product-cell product-grid-cell product-grid-cell--quad" data-id="108-&gt;146104" data-position="104"><div class="confirmation-wrapper confirmation-wrapper--hidden" id="confirmation-wrapper--146104"><div class="confirmation-whitewash"><div class="confirmation-dialog"><div class="confirmation-dialog_messages" tabindex="0"><h4 class="confirmation-dialog_message-headline">Remove This Item From Your Cart?</h4></div><div class="confirmation-dialog_action-container"><div class="confirmation-dialog_confirmation-button"><button class="button button--fourth" tabindex="0" data-product-id="146104" data-cart-log-location="ORGANIC" data-persisted-quantity="undefined" data-price="4.29">OK</button></div><div class="confirmation-dialog_cancel-button"><button class="button button--fourth" tabindex="0" data-product-id="146104">Cancel</button></div></div></div></div></div><div class="confirmation-wrapper" style="display: none;"><div class="confirmation-whitewash"></div></div><div class="vector-icon_absolute--left vector-icon_absolute--top buy-more-save-more_sticker-outer-container" aria-label="buy more save more" tabindex="0" role="link" data-pod-group="1184518" data-block-spinner="true"><span class="vector-icon_inline-text--left buy-more-save-more_link buy-more-save-more_view-deal-sticker"><div class="vector-icon_outer-wrapper"><div class="vector-icon_container vector-icon-size--xxlarge"><svg version="1.1" x="0px" y="0px" focusable="false" viewBox="0 0 1022 1024" class="vector-icon-color--bmsm" role="presentation" aria-hidden="true"><title>view deal icon</title><desc>vew deal icon</desc><path d="M882.478 520.133c0 179.904-164.594 325.744-367.631 325.744s-367.631-145.841-367.631-325.744c0-179.904 164.594-325.744 367.631-325.744s367.631 145.841 367.631 325.744z" class="path1" fill="rgb(255, 255, 255)"></path><path d="M1004.073 382.272c-40.667-15.047-79.708-29.687-119.968-44.734 14.64-40.667 28.467-80.114 43.107-122.002-44.734 0-86.621 0.407-130.135 0.407-1.627-43.514-2.847-84.994-4.473-129.728-41.074 14.64-80.114 28.874-121.188 43.514-16.674-37.414-33.347-74.421-50.834-113.461-33.347 28.060-64.661 54.901-96.788 82.148-30.094-29.28-59.374-58.154-89.468-87.841-19.52 38.634-37.82 74.421-56.934 111.835-39.041-17.080-76.454-33.754-115.902-51.241-4.88 44.734-9.76 87.028-14.234 129.728-42.701-2.847-83.774-5.287-127.695-7.727 12.2 42.294 23.18 82.554 34.974 124.035-40.667 13.827-79.301 27.247-120.375 41.074 25.62 34.974 50.427 68.321 75.641 102.888-33.347 28.060-65.881 55.307-100.041 83.774 37.82 22.774 73.608 43.921 108.988 65.068-20.334 37.82-40.261 74.421-61.001 112.241 42.701 8.947 84.994 17.894 128.102 26.84-7.32 42.701-14.234 82.554-21.147 124.442 45.141-7.32 85.808-14.234 128.508-21.147 8.947 42.294 17.080 82.148 25.62 124.442 38.634-23.994 74.828-46.767 111.835-69.541 24.807 36.6 47.987 71.168 72.794 107.768 25.62-34.974 50.021-67.914 75.234-101.668 36.194 23.587 70.761 46.361 107.768 70.761 11.387-41.887 22.367-82.148 32.94-122.408 43.921 10.98 84.994 21.147 129.322 32.127-4.473-44.734-8.54-85.808-12.607-128.508 41.074-5.693 81.741-10.98 124.848-17.080-16.267-33.754-30.094-65.474-46.361-95.568-9.353-17.487-8.54-26.84 11.387-35.787 30.094-13.42 58.561-30.5 89.061-46.767-31.72-31.314-61.814-60.187-92.315-90.281 27.247-32.94 53.274-64.254 81.334-97.601z" class="path2" fill="rgb(0, 0, 0)"></path><path d="M286.704 537.214l-85.808-114.275 30.907-8.54 63.441 88.248 7.727-108.581 30.907-8.54-13.014 142.335-34.16 9.353z" class="path3" fill="rgb(255, 255, 255)"></path><path d="M396.912 506.307l-36.194-128.102 27.247-7.727 36.194 128.102-27.247 7.727z" class="path4" fill="rgb(255, 255, 255)"></path><path d="M464.013 487.193l-36.194-128.102 90.688-25.62 6.913 23.994-63.441 17.894 7.727 26.84 62.221-17.487 6.913 23.994-62.221 17.487 8.133 29.28 63.441-17.894 6.913 23.994-91.095 25.62z" class="path5" fill="rgb(255, 255, 255)"></path><path d="M688.496 423.752l-47.174-81.741 2.44 94.348-28.874 8.133-72.794-117.935 30.5-8.54 48.801 86.214-2.033-99.228 21.147-6.1 50.427 85.808-3.66-99.228 30.5-8.54-0.407 138.675-28.874 8.133z" class="path6" fill="rgb(255, 255, 255)"></path><path d="M297.684 713.709l-36.194-128.102 50.427-14.234c40.261-11.387 75.234 6.507 86.214 44.734 10.98 39.041-9.76 71.981-49.614 83.368l-50.834 14.234zM370.478 623.835c-6.507-22.367-25.214-36.194-51.241-28.874l-23.587 6.507 22.774 80.114 23.18-6.507c25.214-6.507 34.974-29.28 28.874-51.241z" class="path7" fill="rgb(255, 255, 255)"></path><path d="M450.186 670.602l-36.194-128.102 90.688-25.62 6.913 23.994-63.441 17.894 7.727 26.84 62.221-17.487 6.913 23.994-62.221 17.487 8.133 29.28 63.441-17.894 6.913 23.994-91.095 25.62z" class="path8" fill="rgb(255, 255, 255)"></path><path d="M665.315 610.008l-14.234-19.52-54.901 15.454-2.033 23.994-30.907 8.54 13.014-142.335 34.16-9.76 85.808 114.275-30.907 9.353zM601.468 518.913l-4.473 61.001 39.854-11.387-35.38-49.614z" class="path9" fill="rgb(255, 255, 255)"></path><path d="M721.843 594.148l-36.194-128.102 27.654-7.727 29.28 104.108 54.087-15.454 6.913 23.994-81.741 23.18z" class="path10" fill="rgb(255, 255, 255)"></path></svg></div></div><span class="element-invisible">View items in deal</span></span></div><img src="./Snacks_Candy_Organic_files/3U2R6.jpg" alt="Cascadian Farm Chewy Granola Bars Harvest Berry Organic - 6 ct" class="product-grid-cell_main-image" data-block-spinner="true" data-product-id="146104"><div class="product-grid-cell_price-tag overlay--open" tabindex="0" aria-hidden="false"><div class="product-grid-cell_name" role="link" tabindex="0" data-block-spinner="true" data-product-id="146104"><h3 class="product-grid-cell_name-text select-text">Cascadian Farm Chewy Granola Bars Harvest Berry Organic - 6 ct</h3></div><div class="product-grid-cell_price-container" role="link" data-block-spinner="true" data-product-id="146104"><div class="product-grid-cell_regular-price-container"><span class="product-grid-cell_was" aria-hidden="true"></span><span class="product-grid-cell_regular-price"></span></div><span class="product-grid-cell_main-price select-text">$4.29</span><span class="product-grid-cell_hidden-price"></span></div><span class="product-grid-cell_size select-text" role="link" data-block-spinner="true" data-product-id="146104">7.4 oz box</span><span data-block-spinner="true" data-product-id="146104"><span class="product-grid-cell_unit select-text"> | $0.58 / oz</span></span><div class="buy-more-save-more_cta-grid-container" aria-label="Buy 2 @ $3.00 ea" tabindex="0" role="link" data-pod-group="1184518" data-block-spinner="true"><span class="buy-more-save-more_cta buy-more-save-more_link">Buy 2 @ $3.00 ea<span aria-hidden="true"></span></span></div><div class="add-to-cart"><div class="add-to-cart_button"><button class="button button--add-to-cart" data-product-id="146104" data-price="4.29" data-cart-log-location="ORGANIC" data-persisted-quantity="0" data-other-information="{&quot;catPath&quot;:&quot;1,2543&quot;,&quot;sale&quot;:false,&quot;newArrival&quot;:false,&quot;sponsored&quot;:false,&quot;includeContentTrackingInfo&quot;:true}">Add to Cart</button></div><span class="element-invisible" aria-live="assertive"></span></div></div><div class="product-grid-cell_bulk-buy-container overlay--closed" tabindex="-1" aria-hidden="true"><bulk-buy-scroller other-information="otherInformation" on-close="onCloseBMSMOverlay()" product="product" cart-log-location="cartLogLocation" options="options" product-id="product.prodId"><!----><div ng-class="{&#39;bulk-buy-scroller_container--vertical&#39;: $ctrl.options.bulkBuyVerticalStyle}" class="bulk-buy-scroller_container bulk-buy-scroller_container--vertical" ng-if="$ctrl.shouldShowBulkBuy()"><!----><div class="bulk-buy-scroller_header-container" ng-if="$ctrl.isSIMQ() || (!$ctrl.isSIMQ() &amp;&amp; $ctrl.isShelf()) "><!----><h4 id="bulk-buy-scroller_heading--146104" class="bulk-buy-scroller_heading text-center" ng-class="{
            &#39;bulk-buy-scroller_heading--reverse&#39;: $ctrl.options.bulkBuyReverseStyle,
            &#39;text-center&#39;: $ctrl.isShelf()
        }">Buy More Save More</h4><!----><button ng-if="($ctrl.options.bulkBuyReverseStyle || $ctrl.options.bulkBuyVerticalStyle)" ng-click="$ctrl.close()" ng-class="{
            &#39;bulk-buy-scroller_close-button--reverse&#39;: $ctrl.options.bulkBuyReverseStyle,
            &#39;bulk-buy-scroller_close-button--vertical&#39;: $ctrl.options.bulkBuyVerticalStyle,
            &#39;button--white-no-border&#39;: $ctrl.state.currentQuantity === 0,
            &#39;button--lightest-grey&#39;: $ctrl.state.currentQuantity &gt; 0
            }" class="button bulk-buy-scroller_close-button bulk-buy-scroller_close-button--vertical button--white-no-border" aria-label="Close Promotion Options" tabindex="0"><div class="vector-icon_outer-wrapper" svg-id="icon_close" svg-class="vector-icon-color--dark-grey" container-class="vector-icon-size--xxsmall" svg-title="Close Icon" svg-description="X Icon" svg-role="presentation" svg-aria-hidden="true"><div class="vector-icon_container vector-icon-size--xxsmall"><svg version="1.1" x="0px" y="0px" focusable="false" viewBox="0 0 1024 1024" class="vector-icon-color--dark-grey" role="presentation" aria-hidden="true"><title>Close Icon</title><desc>X Icon</desc><path d="M20.685 1003.315c27.546 27.546 72.397 27.546 99.942 0l391.373-391.373 391.373 391.373c27.546 27.546 72.397 27.546 99.942 0s27.546-72.397 0-99.942l-391.373-391.373 391.373-391.373c27.546-27.546 27.546-72.397 0-99.942s-72.397-27.546-99.942 0l-391.373 391.373-391.373-391.373c-27.546-27.546-72.397-27.546-99.942 0s-27.546 72.397 0 99.942l391.373 391.373-391.373 391.373c-27.597 27.546-27.597 72.397 0 99.942z" class="path1"></path></svg></div></div></button><!----></div><!----><!----><div class="bulk-buy-scroller_mix-match-container bulk-buy-scroller_mix-match-container--vertical" ng-if="!$ctrl.isSIMQ() &amp;&amp; $ctrl.isShelf()" ng-class="{
            &#39;bulk-buy-scroller_mix-match-container--reverse&#39;: $ctrl.options.bulkBuyReverseStyle,
            &#39;bulk-buy-scroller_mix-match-container--vertical&#39;: $ctrl.options.bulkBuyVerticalStyle,
            &#39;bulk-buy-scroller_mix-match-container--normal&#39;: $ctrl.options.bulkBuyNormalStyle
        }"><button class="button bulk-buy-scroller_mix-match-button" ng-click="$ctrl.openProductGroup()" tabindex="0"><span class="bulk-buy-scroller_button-headline">Buy 2 @ $3.00 ea</span> <span class="bulk-buy-scroller_button-cta">Mix &amp; Match Options </span></button></div><!----><!----><!----></div><!----></bulk-buy-scroller><div class="add-to-cart"><div class="add-to-cart_button"><button class="button button--add-to-cart" data-product-id="146104" data-price="4.29" data-cart-log-location="ORGANIC" data-persisted-quantity="0" data-other-information="{&quot;catPath&quot;:&quot;1,2543&quot;,&quot;sale&quot;:false,&quot;newArrival&quot;:false,&quot;sponsored&quot;:false,&quot;includeContentTrackingInfo&quot;:true}">Add to Cart</button></div><span class="element-invisible" aria-live="assertive"></span></div></div><div class="spyglass-container"></div></li><li role="region" tabindex="-1" aria-label="Cascadian Farm Protein Chewy Bars Peanut Butter Choc Chip Organic - 5 ct" class="product-cell product-grid-cell product-grid-cell--quad" data-id="109-&gt;209346" data-position="105"><div class="confirmation-wrapper confirmation-wrapper--hidden" id="confirmation-wrapper--209346"><div class="confirmation-whitewash"><div class="confirmation-dialog"><div class="confirmation-dialog_messages" tabindex="0"><h4 class="confirmation-dialog_message-headline">Remove This Item From Your Cart?</h4></div><div class="confirmation-dialog_action-container"><div class="confirmation-dialog_confirmation-button"><button class="button button--fourth" tabindex="0" data-product-id="209346" data-cart-log-location="ORGANIC" data-persisted-quantity="undefined" data-price="5.19">OK</button></div><div class="confirmation-dialog_cancel-button"><button class="button button--fourth" tabindex="0" data-product-id="209346">Cancel</button></div></div></div></div></div><div class="confirmation-wrapper" style="display: none;"><div class="confirmation-whitewash"></div></div><div class="vector-icon_absolute--left vector-icon_absolute--top buy-more-save-more_sticker-outer-container" aria-label="buy more save more" tabindex="0" role="link" data-pod-group="1184518" data-block-spinner="true"><span class="vector-icon_inline-text--left buy-more-save-more_link buy-more-save-more_view-deal-sticker"><div class="vector-icon_outer-wrapper"><div class="vector-icon_container vector-icon-size--xxlarge"><svg version="1.1" x="0px" y="0px" focusable="false" viewBox="0 0 1022 1024" class="vector-icon-color--bmsm" role="presentation" aria-hidden="true"><title>view deal icon</title><desc>vew deal icon</desc><path d="M882.478 520.133c0 179.904-164.594 325.744-367.631 325.744s-367.631-145.841-367.631-325.744c0-179.904 164.594-325.744 367.631-325.744s367.631 145.841 367.631 325.744z" class="path1" fill="rgb(255, 255, 255)"></path><path d="M1004.073 382.272c-40.667-15.047-79.708-29.687-119.968-44.734 14.64-40.667 28.467-80.114 43.107-122.002-44.734 0-86.621 0.407-130.135 0.407-1.627-43.514-2.847-84.994-4.473-129.728-41.074 14.64-80.114 28.874-121.188 43.514-16.674-37.414-33.347-74.421-50.834-113.461-33.347 28.060-64.661 54.901-96.788 82.148-30.094-29.28-59.374-58.154-89.468-87.841-19.52 38.634-37.82 74.421-56.934 111.835-39.041-17.080-76.454-33.754-115.902-51.241-4.88 44.734-9.76 87.028-14.234 129.728-42.701-2.847-83.774-5.287-127.695-7.727 12.2 42.294 23.18 82.554 34.974 124.035-40.667 13.827-79.301 27.247-120.375 41.074 25.62 34.974 50.427 68.321 75.641 102.888-33.347 28.060-65.881 55.307-100.041 83.774 37.82 22.774 73.608 43.921 108.988 65.068-20.334 37.82-40.261 74.421-61.001 112.241 42.701 8.947 84.994 17.894 128.102 26.84-7.32 42.701-14.234 82.554-21.147 124.442 45.141-7.32 85.808-14.234 128.508-21.147 8.947 42.294 17.080 82.148 25.62 124.442 38.634-23.994 74.828-46.767 111.835-69.541 24.807 36.6 47.987 71.168 72.794 107.768 25.62-34.974 50.021-67.914 75.234-101.668 36.194 23.587 70.761 46.361 107.768 70.761 11.387-41.887 22.367-82.148 32.94-122.408 43.921 10.98 84.994 21.147 129.322 32.127-4.473-44.734-8.54-85.808-12.607-128.508 41.074-5.693 81.741-10.98 124.848-17.080-16.267-33.754-30.094-65.474-46.361-95.568-9.353-17.487-8.54-26.84 11.387-35.787 30.094-13.42 58.561-30.5 89.061-46.767-31.72-31.314-61.814-60.187-92.315-90.281 27.247-32.94 53.274-64.254 81.334-97.601z" class="path2" fill="rgb(0, 0, 0)"></path><path d="M286.704 537.214l-85.808-114.275 30.907-8.54 63.441 88.248 7.727-108.581 30.907-8.54-13.014 142.335-34.16 9.353z" class="path3" fill="rgb(255, 255, 255)"></path><path d="M396.912 506.307l-36.194-128.102 27.247-7.727 36.194 128.102-27.247 7.727z" class="path4" fill="rgb(255, 255, 255)"></path><path d="M464.013 487.193l-36.194-128.102 90.688-25.62 6.913 23.994-63.441 17.894 7.727 26.84 62.221-17.487 6.913 23.994-62.221 17.487 8.133 29.28 63.441-17.894 6.913 23.994-91.095 25.62z" class="path5" fill="rgb(255, 255, 255)"></path><path d="M688.496 423.752l-47.174-81.741 2.44 94.348-28.874 8.133-72.794-117.935 30.5-8.54 48.801 86.214-2.033-99.228 21.147-6.1 50.427 85.808-3.66-99.228 30.5-8.54-0.407 138.675-28.874 8.133z" class="path6" fill="rgb(255, 255, 255)"></path><path d="M297.684 713.709l-36.194-128.102 50.427-14.234c40.261-11.387 75.234 6.507 86.214 44.734 10.98 39.041-9.76 71.981-49.614 83.368l-50.834 14.234zM370.478 623.835c-6.507-22.367-25.214-36.194-51.241-28.874l-23.587 6.507 22.774 80.114 23.18-6.507c25.214-6.507 34.974-29.28 28.874-51.241z" class="path7" fill="rgb(255, 255, 255)"></path><path d="M450.186 670.602l-36.194-128.102 90.688-25.62 6.913 23.994-63.441 17.894 7.727 26.84 62.221-17.487 6.913 23.994-62.221 17.487 8.133 29.28 63.441-17.894 6.913 23.994-91.095 25.62z" class="path8" fill="rgb(255, 255, 255)"></path><path d="M665.315 610.008l-14.234-19.52-54.901 15.454-2.033 23.994-30.907 8.54 13.014-142.335 34.16-9.76 85.808 114.275-30.907 9.353zM601.468 518.913l-4.473 61.001 39.854-11.387-35.38-49.614z" class="path9" fill="rgb(255, 255, 255)"></path><path d="M721.843 594.148l-36.194-128.102 27.654-7.727 29.28 104.108 54.087-15.454 6.913 23.994-81.741 23.18z" class="path10" fill="rgb(255, 255, 255)"></path></svg></div></div><span class="element-invisible">View items in deal</span></span></div><img src="./Snacks_Candy_Organic_files/O24SF.png" alt="Cascadian Farm Protein Chewy Bars Peanut Butter Choc Chip Organic - 5 ct" class="product-grid-cell_main-image" data-block-spinner="true" data-product-id="209346"><div class="product-grid-cell_price-tag overlay--open" tabindex="0" aria-hidden="false"><div class="product-grid-cell_name" role="link" tabindex="0" data-block-spinner="true" data-product-id="209346"><h3 class="product-grid-cell_name-text select-text">Cascadian Farm Protein Chewy Bars Peanut Butter Choc Chip Organic - 5 ct</h3></div><div class="product-grid-cell_price-container" role="link" data-block-spinner="true" data-product-id="209346"><div class="product-grid-cell_regular-price-container"><span class="product-grid-cell_was" aria-hidden="true"></span><span class="product-grid-cell_regular-price"></span></div><span class="product-grid-cell_main-price select-text">$5.19</span><span class="product-grid-cell_hidden-price"></span></div><span class="product-grid-cell_size select-text" role="link" data-block-spinner="true" data-product-id="209346">8.85 oz box</span><span data-block-spinner="true" data-product-id="209346"><span class="product-grid-cell_unit select-text"> | $0.59 / oz</span></span><div class="buy-more-save-more_cta-grid-container" aria-label="Buy 2 @ $3.00 ea" tabindex="0" role="link" data-pod-group="1184518" data-block-spinner="true"><span class="buy-more-save-more_cta buy-more-save-more_link">Buy 2 @ $3.00 ea<span aria-hidden="true"></span></span></div><div class="add-to-cart"><div class="add-to-cart_button"><button class="button button--add-to-cart" data-product-id="209346" data-price="5.19" data-cart-log-location="ORGANIC" data-persisted-quantity="0" data-other-information="{&quot;catPath&quot;:&quot;1,2543&quot;,&quot;sale&quot;:false,&quot;newArrival&quot;:false,&quot;sponsored&quot;:false,&quot;includeContentTrackingInfo&quot;:true}">Add to Cart</button></div><span class="element-invisible" aria-live="assertive"></span></div></div><div class="product-grid-cell_bulk-buy-container overlay--closed" tabindex="-1" aria-hidden="true"><bulk-buy-scroller other-information="otherInformation" on-close="onCloseBMSMOverlay()" product="product" cart-log-location="cartLogLocation" options="options" product-id="product.prodId"><!----><div ng-class="{&#39;bulk-buy-scroller_container--vertical&#39;: $ctrl.options.bulkBuyVerticalStyle}" class="bulk-buy-scroller_container bulk-buy-scroller_container--vertical" ng-if="$ctrl.shouldShowBulkBuy()"><!----><div class="bulk-buy-scroller_header-container" ng-if="$ctrl.isSIMQ() || (!$ctrl.isSIMQ() &amp;&amp; $ctrl.isShelf()) "><!----><h4 id="bulk-buy-scroller_heading--209346" class="bulk-buy-scroller_heading text-center" ng-class="{
            &#39;bulk-buy-scroller_heading--reverse&#39;: $ctrl.options.bulkBuyReverseStyle,
            &#39;text-center&#39;: $ctrl.isShelf()
        }">Buy More Save More</h4><!----><button ng-if="($ctrl.options.bulkBuyReverseStyle || $ctrl.options.bulkBuyVerticalStyle)" ng-click="$ctrl.close()" ng-class="{
            &#39;bulk-buy-scroller_close-button--reverse&#39;: $ctrl.options.bulkBuyReverseStyle,
            &#39;bulk-buy-scroller_close-button--vertical&#39;: $ctrl.options.bulkBuyVerticalStyle,
            &#39;button--white-no-border&#39;: $ctrl.state.currentQuantity === 0,
            &#39;button--lightest-grey&#39;: $ctrl.state.currentQuantity &gt; 0
            }" class="button bulk-buy-scroller_close-button bulk-buy-scroller_close-button--vertical button--white-no-border" aria-label="Close Promotion Options" tabindex="0"><div class="vector-icon_outer-wrapper" svg-id="icon_close" svg-class="vector-icon-color--dark-grey" container-class="vector-icon-size--xxsmall" svg-title="Close Icon" svg-description="X Icon" svg-role="presentation" svg-aria-hidden="true"><div class="vector-icon_container vector-icon-size--xxsmall"><svg version="1.1" x="0px" y="0px" focusable="false" viewBox="0 0 1024 1024" class="vector-icon-color--dark-grey" role="presentation" aria-hidden="true"><title>Close Icon</title><desc>X Icon</desc><path d="M20.685 1003.315c27.546 27.546 72.397 27.546 99.942 0l391.373-391.373 391.373 391.373c27.546 27.546 72.397 27.546 99.942 0s27.546-72.397 0-99.942l-391.373-391.373 391.373-391.373c27.546-27.546 27.546-72.397 0-99.942s-72.397-27.546-99.942 0l-391.373 391.373-391.373-391.373c-27.546-27.546-72.397-27.546-99.942 0s-27.546 72.397 0 99.942l391.373 391.373-391.373 391.373c-27.597 27.546-27.597 72.397 0 99.942z" class="path1"></path></svg></div></div></button><!----></div><!----><!----><div class="bulk-buy-scroller_mix-match-container bulk-buy-scroller_mix-match-container--vertical" ng-if="!$ctrl.isSIMQ() &amp;&amp; $ctrl.isShelf()" ng-class="{
            &#39;bulk-buy-scroller_mix-match-container--reverse&#39;: $ctrl.options.bulkBuyReverseStyle,
            &#39;bulk-buy-scroller_mix-match-container--vertical&#39;: $ctrl.options.bulkBuyVerticalStyle,
            &#39;bulk-buy-scroller_mix-match-container--normal&#39;: $ctrl.options.bulkBuyNormalStyle
        }"><button class="button bulk-buy-scroller_mix-match-button" ng-click="$ctrl.openProductGroup()" tabindex="0"><span class="bulk-buy-scroller_button-headline">Buy 2 @ $3.00 ea</span> <span class="bulk-buy-scroller_button-cta">Mix &amp; Match Options </span></button></div><!----><!----><!----></div><!----></bulk-buy-scroller><div class="add-to-cart"><div class="add-to-cart_button"><button class="button button--add-to-cart" data-product-id="209346" data-price="5.19" data-cart-log-location="ORGANIC" data-persisted-quantity="0" data-other-information="{&quot;catPath&quot;:&quot;1,2543&quot;,&quot;sale&quot;:false,&quot;newArrival&quot;:false,&quot;sponsored&quot;:false,&quot;includeContentTrackingInfo&quot;:true}">Add to Cart</button></div><span class="element-invisible" aria-live="assertive"></span></div></div><div class="spyglass-container"></div></li><li role="region" tabindex="-1" aria-label="Nabisco Triscuit Crackers Cracked Pepper &amp; Olive Oil Organic" class="product-cell product-grid-cell product-grid-cell--quad" data-id="110-&gt;228700" data-position="106"><div class="confirmation-wrapper confirmation-wrapper--hidden" id="confirmation-wrapper--228700"><div class="confirmation-whitewash"><div class="confirmation-dialog"><div class="confirmation-dialog_messages" tabindex="0"><h4 class="confirmation-dialog_message-headline">Remove This Item From Your Cart?</h4></div><div class="confirmation-dialog_action-container"><div class="confirmation-dialog_confirmation-button"><button class="button button--fourth" tabindex="0" data-product-id="228700" data-cart-log-location="ORGANIC" data-persisted-quantity="undefined" data-price="3.59">OK</button></div><div class="confirmation-dialog_cancel-button"><button class="button button--fourth" tabindex="0" data-product-id="228700">Cancel</button></div></div></div></div></div><div class="confirmation-wrapper" style="display: none;"><div class="confirmation-whitewash"></div></div><div class="vector-icon_absolute--left vector-icon_absolute--top buy-more-save-more_sticker-outer-container" aria-label="buy more save more" tabindex="0" role="link" data-pod-group="1180550" data-block-spinner="true"><span class="vector-icon_inline-text--left buy-more-save-more_link buy-more-save-more_view-deal-sticker"><div class="vector-icon_outer-wrapper"><div class="vector-icon_container vector-icon-size--xxlarge"><svg version="1.1" x="0px" y="0px" focusable="false" viewBox="0 0 1022 1024" class="vector-icon-color--bmsm" role="presentation" aria-hidden="true"><title>view deal icon</title><desc>vew deal icon</desc><path d="M882.478 520.133c0 179.904-164.594 325.744-367.631 325.744s-367.631-145.841-367.631-325.744c0-179.904 164.594-325.744 367.631-325.744s367.631 145.841 367.631 325.744z" class="path1" fill="rgb(255, 255, 255)"></path><path d="M1004.073 382.272c-40.667-15.047-79.708-29.687-119.968-44.734 14.64-40.667 28.467-80.114 43.107-122.002-44.734 0-86.621 0.407-130.135 0.407-1.627-43.514-2.847-84.994-4.473-129.728-41.074 14.64-80.114 28.874-121.188 43.514-16.674-37.414-33.347-74.421-50.834-113.461-33.347 28.060-64.661 54.901-96.788 82.148-30.094-29.28-59.374-58.154-89.468-87.841-19.52 38.634-37.82 74.421-56.934 111.835-39.041-17.080-76.454-33.754-115.902-51.241-4.88 44.734-9.76 87.028-14.234 129.728-42.701-2.847-83.774-5.287-127.695-7.727 12.2 42.294 23.18 82.554 34.974 124.035-40.667 13.827-79.301 27.247-120.375 41.074 25.62 34.974 50.427 68.321 75.641 102.888-33.347 28.060-65.881 55.307-100.041 83.774 37.82 22.774 73.608 43.921 108.988 65.068-20.334 37.82-40.261 74.421-61.001 112.241 42.701 8.947 84.994 17.894 128.102 26.84-7.32 42.701-14.234 82.554-21.147 124.442 45.141-7.32 85.808-14.234 128.508-21.147 8.947 42.294 17.080 82.148 25.62 124.442 38.634-23.994 74.828-46.767 111.835-69.541 24.807 36.6 47.987 71.168 72.794 107.768 25.62-34.974 50.021-67.914 75.234-101.668 36.194 23.587 70.761 46.361 107.768 70.761 11.387-41.887 22.367-82.148 32.94-122.408 43.921 10.98 84.994 21.147 129.322 32.127-4.473-44.734-8.54-85.808-12.607-128.508 41.074-5.693 81.741-10.98 124.848-17.080-16.267-33.754-30.094-65.474-46.361-95.568-9.353-17.487-8.54-26.84 11.387-35.787 30.094-13.42 58.561-30.5 89.061-46.767-31.72-31.314-61.814-60.187-92.315-90.281 27.247-32.94 53.274-64.254 81.334-97.601z" class="path2" fill="rgb(0, 0, 0)"></path><path d="M286.704 537.214l-85.808-114.275 30.907-8.54 63.441 88.248 7.727-108.581 30.907-8.54-13.014 142.335-34.16 9.353z" class="path3" fill="rgb(255, 255, 255)"></path><path d="M396.912 506.307l-36.194-128.102 27.247-7.727 36.194 128.102-27.247 7.727z" class="path4" fill="rgb(255, 255, 255)"></path><path d="M464.013 487.193l-36.194-128.102 90.688-25.62 6.913 23.994-63.441 17.894 7.727 26.84 62.221-17.487 6.913 23.994-62.221 17.487 8.133 29.28 63.441-17.894 6.913 23.994-91.095 25.62z" class="path5" fill="rgb(255, 255, 255)"></path><path d="M688.496 423.752l-47.174-81.741 2.44 94.348-28.874 8.133-72.794-117.935 30.5-8.54 48.801 86.214-2.033-99.228 21.147-6.1 50.427 85.808-3.66-99.228 30.5-8.54-0.407 138.675-28.874 8.133z" class="path6" fill="rgb(255, 255, 255)"></path><path d="M297.684 713.709l-36.194-128.102 50.427-14.234c40.261-11.387 75.234 6.507 86.214 44.734 10.98 39.041-9.76 71.981-49.614 83.368l-50.834 14.234zM370.478 623.835c-6.507-22.367-25.214-36.194-51.241-28.874l-23.587 6.507 22.774 80.114 23.18-6.507c25.214-6.507 34.974-29.28 28.874-51.241z" class="path7" fill="rgb(255, 255, 255)"></path><path d="M450.186 670.602l-36.194-128.102 90.688-25.62 6.913 23.994-63.441 17.894 7.727 26.84 62.221-17.487 6.913 23.994-62.221 17.487 8.133 29.28 63.441-17.894 6.913 23.994-91.095 25.62z" class="path8" fill="rgb(255, 255, 255)"></path><path d="M665.315 610.008l-14.234-19.52-54.901 15.454-2.033 23.994-30.907 8.54 13.014-142.335 34.16-9.76 85.808 114.275-30.907 9.353zM601.468 518.913l-4.473 61.001 39.854-11.387-35.38-49.614z" class="path9" fill="rgb(255, 255, 255)"></path><path d="M721.843 594.148l-36.194-128.102 27.654-7.727 29.28 104.108 54.087-15.454 6.913 23.994-81.741 23.18z" class="path10" fill="rgb(255, 255, 255)"></path></svg></div></div><span class="element-invisible">View items in deal</span></span></div><img src="./Snacks_Candy_Organic_files/PH3MC.jpg" alt="Nabisco Triscuit Crackers Cracked Pepper &amp; Olive Oil Organic" class="product-grid-cell_main-image" data-block-spinner="true" data-product-id="228700"><div class="product-grid-cell_price-tag overlay--open" tabindex="0" aria-hidden="false"><div class="product-grid-cell_name" role="link" tabindex="0" data-block-spinner="true" data-product-id="228700"><h3 class="product-grid-cell_name-text select-text">Nabisco Triscuit Crackers Cracked Pepper &amp; Olive Oil Organic</h3></div><div class="product-grid-cell_price-container" role="link" data-block-spinner="true" data-product-id="228700"><div class="product-grid-cell_regular-price-container"><span class="product-grid-cell_was" aria-hidden="true"></span><span class="product-grid-cell_regular-price"></span></div><span class="product-grid-cell_main-price select-text">$3.59</span><span class="product-grid-cell_hidden-price"></span></div><span class="product-grid-cell_size select-text" role="link" data-block-spinner="true" data-product-id="228700">7 oz box</span><span data-block-spinner="true" data-product-id="228700"><span class="product-grid-cell_unit select-text"> | $0.51 / oz</span></span><div class="buy-more-save-more_cta-grid-container" aria-label="Buy 3 @ $1.99 ea" tabindex="0" role="link" data-pod-group="1180550" data-block-spinner="true"><span class="buy-more-save-more_cta buy-more-save-more_link">Buy 3 @ $1.99 ea<span aria-hidden="true"></span></span></div><div class="add-to-cart"><div class="add-to-cart_button"><button class="button button--add-to-cart" data-product-id="228700" data-price="3.59" data-cart-log-location="ORGANIC" data-persisted-quantity="0" data-other-information="{&quot;catPath&quot;:&quot;1,2543&quot;,&quot;sale&quot;:false,&quot;newArrival&quot;:false,&quot;sponsored&quot;:false,&quot;includeContentTrackingInfo&quot;:true}">Add to Cart</button></div><span class="element-invisible" aria-live="assertive"></span></div></div><div class="product-grid-cell_bulk-buy-container overlay--closed" tabindex="-1" aria-hidden="true"><bulk-buy-scroller other-information="otherInformation" on-close="onCloseBMSMOverlay()" product="product" cart-log-location="cartLogLocation" options="options" product-id="product.prodId"><!----><div ng-class="{&#39;bulk-buy-scroller_container--vertical&#39;: $ctrl.options.bulkBuyVerticalStyle}" class="bulk-buy-scroller_container bulk-buy-scroller_container--vertical" ng-if="$ctrl.shouldShowBulkBuy()"><!----><div class="bulk-buy-scroller_header-container" ng-if="$ctrl.isSIMQ() || (!$ctrl.isSIMQ() &amp;&amp; $ctrl.isShelf()) "><!----><h4 id="bulk-buy-scroller_heading--228700" class="bulk-buy-scroller_heading text-center" ng-class="{
            &#39;bulk-buy-scroller_heading--reverse&#39;: $ctrl.options.bulkBuyReverseStyle,
            &#39;text-center&#39;: $ctrl.isShelf()
        }">Buy More Save More</h4><!----><button ng-if="($ctrl.options.bulkBuyReverseStyle || $ctrl.options.bulkBuyVerticalStyle)" ng-click="$ctrl.close()" ng-class="{
            &#39;bulk-buy-scroller_close-button--reverse&#39;: $ctrl.options.bulkBuyReverseStyle,
            &#39;bulk-buy-scroller_close-button--vertical&#39;: $ctrl.options.bulkBuyVerticalStyle,
            &#39;button--white-no-border&#39;: $ctrl.state.currentQuantity === 0,
            &#39;button--lightest-grey&#39;: $ctrl.state.currentQuantity &gt; 0
            }" class="button bulk-buy-scroller_close-button bulk-buy-scroller_close-button--vertical button--white-no-border" aria-label="Close Promotion Options" tabindex="0"><div class="vector-icon_outer-wrapper" svg-id="icon_close" svg-class="vector-icon-color--dark-grey" container-class="vector-icon-size--xxsmall" svg-title="Close Icon" svg-description="X Icon" svg-role="presentation" svg-aria-hidden="true"><div class="vector-icon_container vector-icon-size--xxsmall"><svg version="1.1" x="0px" y="0px" focusable="false" viewBox="0 0 1024 1024" class="vector-icon-color--dark-grey" role="presentation" aria-hidden="true"><title>Close Icon</title><desc>X Icon</desc><path d="M20.685 1003.315c27.546 27.546 72.397 27.546 99.942 0l391.373-391.373 391.373 391.373c27.546 27.546 72.397 27.546 99.942 0s27.546-72.397 0-99.942l-391.373-391.373 391.373-391.373c27.546-27.546 27.546-72.397 0-99.942s-72.397-27.546-99.942 0l-391.373 391.373-391.373-391.373c-27.546-27.546-72.397-27.546-99.942 0s-27.546 72.397 0 99.942l391.373 391.373-391.373 391.373c-27.597 27.546-27.597 72.397 0 99.942z" class="path1"></path></svg></div></div></button><!----></div><!----><!----><div class="bulk-buy-scroller_mix-match-container bulk-buy-scroller_mix-match-container--vertical" ng-if="!$ctrl.isSIMQ() &amp;&amp; $ctrl.isShelf()" ng-class="{
            &#39;bulk-buy-scroller_mix-match-container--reverse&#39;: $ctrl.options.bulkBuyReverseStyle,
            &#39;bulk-buy-scroller_mix-match-container--vertical&#39;: $ctrl.options.bulkBuyVerticalStyle,
            &#39;bulk-buy-scroller_mix-match-container--normal&#39;: $ctrl.options.bulkBuyNormalStyle
        }"><button class="button bulk-buy-scroller_mix-match-button" ng-click="$ctrl.openProductGroup()" tabindex="0"><span class="bulk-buy-scroller_button-headline">Buy 3 @ $1.99 ea</span> <span class="bulk-buy-scroller_button-cta">Mix &amp; Match Options </span></button></div><!----><!----><!----></div><!----></bulk-buy-scroller><div class="add-to-cart"><div class="add-to-cart_button"><button class="button button--add-to-cart" data-product-id="228700" data-price="3.59" data-cart-log-location="ORGANIC" data-persisted-quantity="0" data-other-information="{&quot;catPath&quot;:&quot;1,2543&quot;,&quot;sale&quot;:false,&quot;newArrival&quot;:false,&quot;sponsored&quot;:false,&quot;includeContentTrackingInfo&quot;:true}">Add to Cart</button></div><span class="element-invisible" aria-live="assertive"></span></div></div><div class="spyglass-container"></div></li><li role="region" tabindex="-1" aria-label="Green &amp; Black&#39;s Dark Chocolate Bar with 70% Cocoa Content Organic" class="product-cell product-grid-cell product-grid-cell--quad" data-id="111-&gt;142565" data-position="107"><div class="confirmation-wrapper confirmation-wrapper--hidden" id="confirmation-wrapper--142565"><div class="confirmation-whitewash"><div class="confirmation-dialog"><div class="confirmation-dialog_messages" tabindex="0"><h4 class="confirmation-dialog_message-headline">Remove This Item From Your Cart?</h4></div><div class="confirmation-dialog_action-container"><div class="confirmation-dialog_confirmation-button"><button class="button button--fourth" tabindex="0" data-product-id="142565" data-cart-log-location="ORGANIC" data-persisted-quantity="undefined" data-price="3.99">OK</button></div><div class="confirmation-dialog_cancel-button"><button class="button button--fourth" tabindex="0" data-product-id="142565">Cancel</button></div></div></div></div></div><div class="confirmation-wrapper" style="display: none;"><div class="confirmation-whitewash"></div></div><img src="./Snacks_Candy_Organic_files/U9YXU.jpg" alt="Green &amp; Black&#39;s Dark Chocolate Bar with 70% Cocoa Content Organic" class="product-grid-cell_main-image" data-block-spinner="true" data-product-id="142565"><div class="product-grid-cell_price-tag"><div class="product-grid-cell_name" role="link" tabindex="0" data-block-spinner="true" data-product-id="142565"><h3 class="product-grid-cell_name-text select-text">Green &amp; Black's Dark Chocolate Bar with 70% Cocoa Content Organic</h3></div><div class="product-grid-cell_price-container" role="link" data-block-spinner="true" data-product-id="142565"><div class="product-grid-cell_regular-price-container"><span class="product-grid-cell_was" aria-hidden="true"></span><span class="product-grid-cell_regular-price"></span></div><span class="product-grid-cell_main-price select-text">$3.99</span><span class="product-grid-cell_hidden-price"></span></div><span class="product-grid-cell_size select-text" role="link" data-block-spinner="true" data-product-id="142565">3.17 oz bar</span><span data-block-spinner="true" data-product-id="142565"><span class="product-grid-cell_unit select-text"> | $1.26 / oz</span></span><div class="buy-more-save-more_cta-grid-container"></div><div class="out-of-stock"><button class="out-of-stock_button button button--white button--with-subtext" data-product-id="158128" data-block-spinner="false"><h4 class="button--with-subtext_secondary">Out of Stock</h4><h4 class="button--with-subtext_primary">View Substitute</h4></button></div></div><div class="spyglass-container"></div></li><li role="region" tabindex="-1" aria-label="Clif Kid ZBaR Filled Energy Snacks Chocolate Peanut Butter Organic - 5 ct" class="product-cell product-grid-cell product-grid-cell--quad" data-id="112-&gt;225487" data-position="108"><div class="confirmation-wrapper confirmation-wrapper--hidden" id="confirmation-wrapper--225487"><div class="confirmation-whitewash"><div class="confirmation-dialog"><div class="confirmation-dialog_messages" tabindex="0"><h4 class="confirmation-dialog_message-headline">Remove This Item From Your Cart?</h4></div><div class="confirmation-dialog_action-container"><div class="confirmation-dialog_confirmation-button"><button class="button button--fourth" tabindex="0" data-product-id="225487" data-cart-log-location="ORGANIC" data-persisted-quantity="undefined" data-price="4.59">OK</button></div><div class="confirmation-dialog_cancel-button"><button class="button button--fourth" tabindex="0" data-product-id="225487">Cancel</button></div></div></div></div></div><div class="confirmation-wrapper" style="display: none;"><div class="confirmation-whitewash"></div></div><img src="./Snacks_Candy_Organic_files/PFO9B.jpg" alt="Clif Kid ZBaR Filled Energy Snacks Chocolate Peanut Butter Organic - 5 ct" class="product-grid-cell_main-image" data-block-spinner="true" data-product-id="225487"><div class="product-grid-cell_price-tag"><div class="product-grid-cell_name" role="link" tabindex="0" data-block-spinner="true" data-product-id="225487"><h3 class="product-grid-cell_name-text select-text">Clif Kid ZBaR Filled Energy Snacks Chocolate Peanut Butter Organic - 5 ct</h3></div><div class="product-grid-cell_price-container" role="link" data-block-spinner="true" data-product-id="225487"><div class="product-grid-cell_regular-price-container"><span class="product-grid-cell_was" aria-hidden="true"></span><span class="product-grid-cell_regular-price"></span></div><span class="product-grid-cell_main-price select-text">$4.59</span><span class="product-grid-cell_hidden-price"></span></div><span class="product-grid-cell_size select-text" role="link" data-block-spinner="true" data-product-id="225487">5.29 oz box</span><span data-block-spinner="true" data-product-id="225487"><span class="product-grid-cell_unit select-text"> | $0.87 / oz</span></span><div class="buy-more-save-more_cta-grid-container"></div><div class="add-to-cart"><div class="add-to-cart_button"><button class="button button--add-to-cart" data-product-id="225487" data-price="4.59" data-cart-log-location="ORGANIC" data-persisted-quantity="0" data-other-information="{&quot;catPath&quot;:&quot;1,2543&quot;,&quot;sale&quot;:false,&quot;newArrival&quot;:false,&quot;sponsored&quot;:false,&quot;includeContentTrackingInfo&quot;:true}">Add to Cart</button></div><span class="element-invisible" aria-live="assertive"></span></div></div><div class="spyglass-container"></div></li><li role="region" tabindex="-1" aria-label="Nature&#39;s Promise Organic Salsa Chipotle Thick &amp; Chunky" class="product-cell product-grid-cell product-grid-cell--quad" data-id="113-&gt;136077" data-position="109"><div class="confirmation-wrapper confirmation-wrapper--hidden" id="confirmation-wrapper--136077"><div class="confirmation-whitewash"><div class="confirmation-dialog"><div class="confirmation-dialog_messages" tabindex="0"><h4 class="confirmation-dialog_message-headline">Remove This Item From Your Cart?</h4></div><div class="confirmation-dialog_action-container"><div class="confirmation-dialog_confirmation-button"><button class="button button--fourth" tabindex="0" data-product-id="136077" data-cart-log-location="ORGANIC" data-persisted-quantity="undefined" data-price="3.19">OK</button></div><div class="confirmation-dialog_cancel-button"><button class="button button--fourth" tabindex="0" data-product-id="136077">Cancel</button></div></div></div></div></div><div class="confirmation-wrapper" style="display: none;"><div class="confirmation-whitewash"></div></div><img src="./Snacks_Candy_Organic_files/LONYK.jpg" alt="Nature&#39;s Promise Organic Salsa Chipotle Thick &amp; Chunky" class="product-grid-cell_main-image" data-block-spinner="true" data-product-id="136077"><div class="product-grid-cell_price-tag"><div class="product-grid-cell_name" role="link" tabindex="0" data-block-spinner="true" data-product-id="136077"><h3 class="product-grid-cell_name-text select-text"><span class="vector-icon_inline-text--left"><div class="vector-icon_outer-wrapper"><div class="vector-icon_container vector-icon-size--xsmall"><svg version="1.1" x="0px" y="0px" focusable="false" viewBox="0 0 945 1024" class="" role="presentation" aria-hidden="true"><title>Ahold Wedge Icon</title><desc>Ahold Icon</desc><path d="M1.893 730.617c-1.289-2.094-2.052-4.631-2.052-7.346 0-0.747 0.058-1.481 0.169-2.197 0.158-12.396 10.227-22.466 22.687-22.634l895.306-0c12.476 0.168 22.545 10.237 22.713 22.698-0.521 3.721-1.182 6.924-2.024 10.053l0.131-0.574c-86.363 175.072-263.598 293.385-468.466 293.385s-382.103-118.313-467.105-290.339l-1.361-3.046z" class="path1" fill="rgb(247, 168, 0)"></path><path d="M107.889 132.495c1.893-1.893 1.893-3.786 3.786-5.678 2.98-3.491 7.385-5.69 12.303-5.69s9.323 2.199 12.284 5.668l0.019 0.022 476.983 476.983c3.491 2.98 5.69 7.385 5.69 12.303s-2.199 9.323-5.668 12.284c-1.399 1.869-3.361 3.216-5.631 3.789l-0.069 0.015c-38.446 13.732-82.796 21.669-129.001 21.669-108.416 0-206.626-43.699-277.977-114.443-70.367-71.826-113.809-170.317-113.809-278.955 0-45.803 7.722-89.803 21.936-130.767l-0.845 2.8z" class="path2" fill="rgb(226, 35, 26)"></path><path d="M600.015 1.893c1.247-1.204 2.948-1.946 4.822-1.946 0.302 0 0.6 0.019 0.891 0.057 0.057-0.006 0.164-0.007 0.272-0.007 7.15 0 12.947 5.796 12.947 12.947 0 0.108-0.001 0.215-0.004 0.322l0-0.016v503.482c0.002 0.091 0.004 0.199 0.004 0.306 0 7.15-5.796 12.947-12.947 12.947-0.108 0-0.215-0.001-0.322-0.004-0.241 0.034-0.539 0.053-0.841 0.053-1.874 0-3.574-0.742-4.824-1.948l0.002 0.002c-98.273-48.542-164.673-148.065-164.673-263.098s66.401-214.556 162.964-262.333l1.709-0.765z" class="path3" fill="rgb(113, 33, 119)"></path><path d="M938.824 283.919c1.893 0 1.893 1.893 3.786 1.893 1.765 2.012 2.841 4.666 2.841 7.571s-1.077 5.559-2.853 7.584l0.011-0.013-268.776 266.884c-2.012 1.765-4.666 2.841-7.571 2.841s-5.559-1.077-7.584-2.853c-1.144-0.651-1.911-1.879-1.911-3.285 0-0.172 0.012-0.342 0.034-0.508l-0.002 0.019c-7.681-21.529-12.12-46.363-12.12-72.235 0-61.263 24.891-116.712 65.111-156.786 39.326-39.792 93.895-64.431 154.219-64.431 26.857 0 52.573 4.884 76.309 13.812l-1.494-0.493z" class="path4" fill="rgb(130, 188, 0)"></path></svg></div></div></span>Nature's Promise Organic Salsa Chipotle Thick &amp; Chunky</h3></div><div class="product-grid-cell_price-container" role="link" data-block-spinner="true" data-product-id="136077"><div class="product-grid-cell_regular-price-container"><span class="product-grid-cell_was" aria-hidden="true"></span><span class="product-grid-cell_regular-price"></span></div><span class="product-grid-cell_main-price select-text">$3.19</span><span class="product-grid-cell_hidden-price"></span></div><span class="product-grid-cell_size select-text" role="link" data-block-spinner="true" data-product-id="136077">16 oz jar</span><span data-block-spinner="true" data-product-id="136077"><span class="product-grid-cell_unit select-text"> | $0.20 / oz</span></span><div class="buy-more-save-more_cta-grid-container"></div><div class="add-to-cart"><div class="add-to-cart_button"><button class="button button--add-to-cart" data-product-id="136077" data-price="3.19" data-cart-log-location="ORGANIC" data-persisted-quantity="0" data-other-information="{&quot;catPath&quot;:&quot;1,2543&quot;,&quot;sale&quot;:false,&quot;newArrival&quot;:false,&quot;sponsored&quot;:false,&quot;includeContentTrackingInfo&quot;:true}">Add to Cart</button></div><span class="element-invisible" aria-live="assertive"></span></div></div><div class="spyglass-container"></div></li><li role="region" tabindex="-1" aria-label="Nature&#39;s Promise Organic Granola Fruit &amp; Nut Gluten Free" class="product-cell product-grid-cell product-grid-cell--quad" data-id="114-&gt;221737" data-position="110"><div class="confirmation-wrapper confirmation-wrapper--hidden" id="confirmation-wrapper--221737"><div class="confirmation-whitewash"><div class="confirmation-dialog"><div class="confirmation-dialog_messages" tabindex="0"><h4 class="confirmation-dialog_message-headline">Remove This Item From Your Cart?</h4></div><div class="confirmation-dialog_action-container"><div class="confirmation-dialog_confirmation-button"><button class="button button--fourth" tabindex="0" data-product-id="221737" data-cart-log-location="ORGANIC" data-persisted-quantity="undefined" data-price="4.59">OK</button></div><div class="confirmation-dialog_cancel-button"><button class="button button--fourth" tabindex="0" data-product-id="221737">Cancel</button></div></div></div></div></div><div class="confirmation-wrapper" style="display: none;"><div class="confirmation-whitewash"></div></div><img src="./Snacks_Candy_Organic_files/9X6JV.jpg" alt="Nature&#39;s Promise Organic Granola Fruit &amp; Nut Gluten Free" class="product-grid-cell_main-image" data-block-spinner="true" data-product-id="221737"><div class="product-grid-cell_price-tag"><div class="product-grid-cell_name" role="link" tabindex="0" data-block-spinner="true" data-product-id="221737"><h3 class="product-grid-cell_name-text select-text"><span class="vector-icon_inline-text--left"><div class="vector-icon_outer-wrapper"><div class="vector-icon_container vector-icon-size--xsmall"><svg version="1.1" x="0px" y="0px" focusable="false" viewBox="0 0 945 1024" class="" role="presentation" aria-hidden="true"><title>Ahold Wedge Icon</title><desc>Ahold Icon</desc><path d="M1.893 730.617c-1.289-2.094-2.052-4.631-2.052-7.346 0-0.747 0.058-1.481 0.169-2.197 0.158-12.396 10.227-22.466 22.687-22.634l895.306-0c12.476 0.168 22.545 10.237 22.713 22.698-0.521 3.721-1.182 6.924-2.024 10.053l0.131-0.574c-86.363 175.072-263.598 293.385-468.466 293.385s-382.103-118.313-467.105-290.339l-1.361-3.046z" class="path1" fill="rgb(247, 168, 0)"></path><path d="M107.889 132.495c1.893-1.893 1.893-3.786 3.786-5.678 2.98-3.491 7.385-5.69 12.303-5.69s9.323 2.199 12.284 5.668l0.019 0.022 476.983 476.983c3.491 2.98 5.69 7.385 5.69 12.303s-2.199 9.323-5.668 12.284c-1.399 1.869-3.361 3.216-5.631 3.789l-0.069 0.015c-38.446 13.732-82.796 21.669-129.001 21.669-108.416 0-206.626-43.699-277.977-114.443-70.367-71.826-113.809-170.317-113.809-278.955 0-45.803 7.722-89.803 21.936-130.767l-0.845 2.8z" class="path2" fill="rgb(226, 35, 26)"></path><path d="M600.015 1.893c1.247-1.204 2.948-1.946 4.822-1.946 0.302 0 0.6 0.019 0.891 0.057 0.057-0.006 0.164-0.007 0.272-0.007 7.15 0 12.947 5.796 12.947 12.947 0 0.108-0.001 0.215-0.004 0.322l0-0.016v503.482c0.002 0.091 0.004 0.199 0.004 0.306 0 7.15-5.796 12.947-12.947 12.947-0.108 0-0.215-0.001-0.322-0.004-0.241 0.034-0.539 0.053-0.841 0.053-1.874 0-3.574-0.742-4.824-1.948l0.002 0.002c-98.273-48.542-164.673-148.065-164.673-263.098s66.401-214.556 162.964-262.333l1.709-0.765z" class="path3" fill="rgb(113, 33, 119)"></path><path d="M938.824 283.919c1.893 0 1.893 1.893 3.786 1.893 1.765 2.012 2.841 4.666 2.841 7.571s-1.077 5.559-2.853 7.584l0.011-0.013-268.776 266.884c-2.012 1.765-4.666 2.841-7.571 2.841s-5.559-1.077-7.584-2.853c-1.144-0.651-1.911-1.879-1.911-3.285 0-0.172 0.012-0.342 0.034-0.508l-0.002 0.019c-7.681-21.529-12.12-46.363-12.12-72.235 0-61.263 24.891-116.712 65.111-156.786 39.326-39.792 93.895-64.431 154.219-64.431 26.857 0 52.573 4.884 76.309 13.812l-1.494-0.493z" class="path4" fill="rgb(130, 188, 0)"></path></svg></div></div></span>Nature's Promise Organic Granola Fruit &amp; Nut Gluten Free</h3></div><div class="product-grid-cell_price-container" role="link" data-block-spinner="true" data-product-id="221737"><div class="product-grid-cell_regular-price-container"><span class="product-grid-cell_was" aria-hidden="true"></span><span class="product-grid-cell_regular-price"></span></div><span class="product-grid-cell_main-price select-text">$4.59</span><span class="product-grid-cell_hidden-price"></span></div><span class="product-grid-cell_size select-text" role="link" data-block-spinner="true" data-product-id="221737">11 oz bag</span><span data-block-spinner="true" data-product-id="221737"><span class="product-grid-cell_unit select-text"> | $0.42 / oz</span></span><div class="buy-more-save-more_cta-grid-container"></div><div class="add-to-cart"><div class="add-to-cart_button"><button class="button button--add-to-cart" data-product-id="221737" data-price="4.59" data-cart-log-location="ORGANIC" data-persisted-quantity="0" data-other-information="{&quot;catPath&quot;:&quot;1,2543&quot;,&quot;sale&quot;:false,&quot;newArrival&quot;:false,&quot;sponsored&quot;:false,&quot;includeContentTrackingInfo&quot;:true}">Add to Cart</button></div><span class="element-invisible" aria-live="assertive"></span></div></div><div class="spyglass-container"></div></li><li role="region" tabindex="-1" aria-label="Lundberg Rice Cakes Brown Rice Lightly Salted Vegan Organic" class="product-cell product-grid-cell product-grid-cell--quad" data-id="115-&gt;173457" data-position="111"><div class="confirmation-wrapper confirmation-wrapper--hidden" id="confirmation-wrapper--173457"><div class="confirmation-whitewash"><div class="confirmation-dialog"><div class="confirmation-dialog_messages" tabindex="0"><h4 class="confirmation-dialog_message-headline">Remove This Item From Your Cart?</h4></div><div class="confirmation-dialog_action-container"><div class="confirmation-dialog_confirmation-button"><button class="button button--fourth" tabindex="0" data-product-id="173457" data-cart-log-location="ORGANIC" data-persisted-quantity="undefined" data-price="3.83">OK</button></div><div class="confirmation-dialog_cancel-button"><button class="button button--fourth" tabindex="0" data-product-id="173457">Cancel</button></div></div></div></div></div><div class="confirmation-wrapper" style="display: none;"><div class="confirmation-whitewash"></div></div><div class="item-detail_flag--outer-container"><div class="item-detail_flag--container"><div class="item-detail_flag--flag sale">Sale</div></div></div><img src="./Snacks_Candy_Organic_files/NOO6R.jpg" alt="Lundberg Rice Cakes Brown Rice Lightly Salted Vegan Organic" class="product-grid-cell_main-image" data-block-spinner="true" data-product-id="173457"><div class="product-grid-cell_price-tag"><div class="product-grid-cell_name" role="link" tabindex="0" data-block-spinner="true" data-product-id="173457"><h3 class="product-grid-cell_name-text select-text">Lundberg Rice Cakes Brown Rice Lightly Salted Vegan Organic</h3></div><div class="product-grid-cell_price-container" role="link" data-block-spinner="true" data-product-id="173457"><div class="product-grid-cell_regular-price-container"><span class="product-grid-cell_was" aria-hidden="true"></span><span class="product-grid-cell_regular-price"></span></div><span class="product-grid-cell_main-price select-text product-grid-cell_main-price--on-sale">$3.83</span><span class="product-grid-cell_hidden-price"></span></div><span class="product-grid-cell_size select-text" role="link" data-block-spinner="true" data-product-id="173457">8.5 oz pkg</span><span data-block-spinner="true" data-product-id="173457"><span class="product-grid-cell_unit select-text"> | $0.45 / oz</span></span><div class="buy-more-save-more_cta-grid-container"></div><div class="add-to-cart"><div class="add-to-cart_button"><button class="button button--add-to-cart" data-product-id="173457" data-price="3.83" data-cart-log-location="ORGANIC" data-persisted-quantity="0" data-other-information="{&quot;catPath&quot;:&quot;1,2543&quot;,&quot;sale&quot;:true,&quot;newArrival&quot;:false,&quot;sponsored&quot;:false,&quot;includeContentTrackingInfo&quot;:true}">Add to Cart</button></div><span class="element-invisible" aria-live="assertive"></span></div></div><div class="spyglass-container"></div></li><li role="region" tabindex="-1" aria-label="Peeled Snacks Mango Gently Dried Organic" class="product-cell product-grid-cell product-grid-cell--quad" data-id="116-&gt;212696" data-position="112"><div class="confirmation-wrapper confirmation-wrapper--hidden" id="confirmation-wrapper--212696"><div class="confirmation-whitewash"><div class="confirmation-dialog"><div class="confirmation-dialog_messages" tabindex="0"><h4 class="confirmation-dialog_message-headline">Remove This Item From Your Cart?</h4></div><div class="confirmation-dialog_action-container"><div class="confirmation-dialog_confirmation-button"><button class="button button--fourth" tabindex="0" data-product-id="212696" data-cart-log-location="ORGANIC" data-persisted-quantity="undefined" data-price="4.49">OK</button></div><div class="confirmation-dialog_cancel-button"><button class="button button--fourth" tabindex="0" data-product-id="212696">Cancel</button></div></div></div></div></div><div class="confirmation-wrapper" style="display: none;"><div class="confirmation-whitewash"></div></div><img src="./Snacks_Candy_Organic_files/PGVG7.jpg" alt="Peeled Snacks Mango Gently Dried Organic" class="product-grid-cell_main-image" data-block-spinner="true" data-product-id="212696"><div class="product-grid-cell_price-tag"><div class="product-grid-cell_name" role="link" tabindex="0" data-block-spinner="true" data-product-id="212696"><h3 class="product-grid-cell_name-text select-text">Peeled Snacks Mango Gently Dried Organic</h3></div><div class="product-grid-cell_price-container" role="link" data-block-spinner="true" data-product-id="212696"><div class="product-grid-cell_regular-price-container"><span class="product-grid-cell_was" aria-hidden="true"></span><span class="product-grid-cell_regular-price"></span></div><span class="product-grid-cell_main-price select-text">$4.49</span><span class="product-grid-cell_hidden-price"></span></div><span class="product-grid-cell_size select-text" role="link" data-block-spinner="true" data-product-id="212696">2.8 oz pkg</span><span data-block-spinner="true" data-product-id="212696"><span class="product-grid-cell_unit select-text"> | $1.60 / oz</span></span><div class="buy-more-save-more_cta-grid-container"></div><div class="out-of-stock"><button class="button button--disabled out-of-stock_text" disabled="" tabindex="0">Out of Stock</button></div></div><div class="spyglass-container"></div></li><li role="region" tabindex="-1" aria-label="Nabisco Triscuit Crackers Original Made With Sea Salt Organic" class="product-cell product-grid-cell product-grid-cell--quad" data-id="117-&gt;228698" data-position="113"><div class="confirmation-wrapper confirmation-wrapper--hidden" id="confirmation-wrapper--228698"><div class="confirmation-whitewash"><div class="confirmation-dialog"><div class="confirmation-dialog_messages" tabindex="0"><h4 class="confirmation-dialog_message-headline">Remove This Item From Your Cart?</h4></div><div class="confirmation-dialog_action-container"><div class="confirmation-dialog_confirmation-button"><button class="button button--fourth" tabindex="0" data-product-id="228698" data-cart-log-location="ORGANIC" data-persisted-quantity="undefined" data-price="3.59">OK</button></div><div class="confirmation-dialog_cancel-button"><button class="button button--fourth" tabindex="0" data-product-id="228698">Cancel</button></div></div></div></div></div><div class="confirmation-wrapper" style="display: none;"><div class="confirmation-whitewash"></div></div><div class="vector-icon_absolute--left vector-icon_absolute--top buy-more-save-more_sticker-outer-container" aria-label="buy more save more" tabindex="0" role="link" data-pod-group="1180550" data-block-spinner="true"><span class="vector-icon_inline-text--left buy-more-save-more_link buy-more-save-more_view-deal-sticker"><div class="vector-icon_outer-wrapper"><div class="vector-icon_container vector-icon-size--xxlarge"><svg version="1.1" x="0px" y="0px" focusable="false" viewBox="0 0 1022 1024" class="vector-icon-color--bmsm" role="presentation" aria-hidden="true"><title>view deal icon</title><desc>vew deal icon</desc><path d="M882.478 520.133c0 179.904-164.594 325.744-367.631 325.744s-367.631-145.841-367.631-325.744c0-179.904 164.594-325.744 367.631-325.744s367.631 145.841 367.631 325.744z" class="path1" fill="rgb(255, 255, 255)"></path><path d="M1004.073 382.272c-40.667-15.047-79.708-29.687-119.968-44.734 14.64-40.667 28.467-80.114 43.107-122.002-44.734 0-86.621 0.407-130.135 0.407-1.627-43.514-2.847-84.994-4.473-129.728-41.074 14.64-80.114 28.874-121.188 43.514-16.674-37.414-33.347-74.421-50.834-113.461-33.347 28.060-64.661 54.901-96.788 82.148-30.094-29.28-59.374-58.154-89.468-87.841-19.52 38.634-37.82 74.421-56.934 111.835-39.041-17.080-76.454-33.754-115.902-51.241-4.88 44.734-9.76 87.028-14.234 129.728-42.701-2.847-83.774-5.287-127.695-7.727 12.2 42.294 23.18 82.554 34.974 124.035-40.667 13.827-79.301 27.247-120.375 41.074 25.62 34.974 50.427 68.321 75.641 102.888-33.347 28.060-65.881 55.307-100.041 83.774 37.82 22.774 73.608 43.921 108.988 65.068-20.334 37.82-40.261 74.421-61.001 112.241 42.701 8.947 84.994 17.894 128.102 26.84-7.32 42.701-14.234 82.554-21.147 124.442 45.141-7.32 85.808-14.234 128.508-21.147 8.947 42.294 17.080 82.148 25.62 124.442 38.634-23.994 74.828-46.767 111.835-69.541 24.807 36.6 47.987 71.168 72.794 107.768 25.62-34.974 50.021-67.914 75.234-101.668 36.194 23.587 70.761 46.361 107.768 70.761 11.387-41.887 22.367-82.148 32.94-122.408 43.921 10.98 84.994 21.147 129.322 32.127-4.473-44.734-8.54-85.808-12.607-128.508 41.074-5.693 81.741-10.98 124.848-17.080-16.267-33.754-30.094-65.474-46.361-95.568-9.353-17.487-8.54-26.84 11.387-35.787 30.094-13.42 58.561-30.5 89.061-46.767-31.72-31.314-61.814-60.187-92.315-90.281 27.247-32.94 53.274-64.254 81.334-97.601z" class="path2" fill="rgb(0, 0, 0)"></path><path d="M286.704 537.214l-85.808-114.275 30.907-8.54 63.441 88.248 7.727-108.581 30.907-8.54-13.014 142.335-34.16 9.353z" class="path3" fill="rgb(255, 255, 255)"></path><path d="M396.912 506.307l-36.194-128.102 27.247-7.727 36.194 128.102-27.247 7.727z" class="path4" fill="rgb(255, 255, 255)"></path><path d="M464.013 487.193l-36.194-128.102 90.688-25.62 6.913 23.994-63.441 17.894 7.727 26.84 62.221-17.487 6.913 23.994-62.221 17.487 8.133 29.28 63.441-17.894 6.913 23.994-91.095 25.62z" class="path5" fill="rgb(255, 255, 255)"></path><path d="M688.496 423.752l-47.174-81.741 2.44 94.348-28.874 8.133-72.794-117.935 30.5-8.54 48.801 86.214-2.033-99.228 21.147-6.1 50.427 85.808-3.66-99.228 30.5-8.54-0.407 138.675-28.874 8.133z" class="path6" fill="rgb(255, 255, 255)"></path><path d="M297.684 713.709l-36.194-128.102 50.427-14.234c40.261-11.387 75.234 6.507 86.214 44.734 10.98 39.041-9.76 71.981-49.614 83.368l-50.834 14.234zM370.478 623.835c-6.507-22.367-25.214-36.194-51.241-28.874l-23.587 6.507 22.774 80.114 23.18-6.507c25.214-6.507 34.974-29.28 28.874-51.241z" class="path7" fill="rgb(255, 255, 255)"></path><path d="M450.186 670.602l-36.194-128.102 90.688-25.62 6.913 23.994-63.441 17.894 7.727 26.84 62.221-17.487 6.913 23.994-62.221 17.487 8.133 29.28 63.441-17.894 6.913 23.994-91.095 25.62z" class="path8" fill="rgb(255, 255, 255)"></path><path d="M665.315 610.008l-14.234-19.52-54.901 15.454-2.033 23.994-30.907 8.54 13.014-142.335 34.16-9.76 85.808 114.275-30.907 9.353zM601.468 518.913l-4.473 61.001 39.854-11.387-35.38-49.614z" class="path9" fill="rgb(255, 255, 255)"></path><path d="M721.843 594.148l-36.194-128.102 27.654-7.727 29.28 104.108 54.087-15.454 6.913 23.994-81.741 23.18z" class="path10" fill="rgb(255, 255, 255)"></path></svg></div></div><span class="element-invisible">View items in deal</span></span></div><img src="./Snacks_Candy_Organic_files/NZ2BU.jpg" alt="Nabisco Triscuit Crackers Original Made With Sea Salt Organic" class="product-grid-cell_main-image" data-block-spinner="true" data-product-id="228698"><div class="product-grid-cell_price-tag overlay--open" tabindex="0" aria-hidden="false"><div class="product-grid-cell_name" role="link" tabindex="0" data-block-spinner="true" data-product-id="228698"><h3 class="product-grid-cell_name-text select-text">Nabisco Triscuit Crackers Original Made With Sea Salt Organic</h3></div><div class="product-grid-cell_price-container" role="link" data-block-spinner="true" data-product-id="228698"><div class="product-grid-cell_regular-price-container"><span class="product-grid-cell_was" aria-hidden="true"></span><span class="product-grid-cell_regular-price"></span></div><span class="product-grid-cell_main-price select-text">$3.59</span><span class="product-grid-cell_hidden-price"></span></div><span class="product-grid-cell_size select-text" role="link" data-block-spinner="true" data-product-id="228698">7 oz box</span><span data-block-spinner="true" data-product-id="228698"><span class="product-grid-cell_unit select-text"> | $0.51 / oz</span></span><div class="buy-more-save-more_cta-grid-container" aria-label="Buy 3 @ $1.99 ea" tabindex="0" role="link" data-pod-group="1180550" data-block-spinner="true"><span class="buy-more-save-more_cta buy-more-save-more_link">Buy 3 @ $1.99 ea<span aria-hidden="true"></span></span></div><div class="add-to-cart"><div class="add-to-cart_button"><button class="button button--add-to-cart" data-product-id="228698" data-price="3.59" data-cart-log-location="ORGANIC" data-persisted-quantity="0" data-other-information="{&quot;catPath&quot;:&quot;1,2543&quot;,&quot;sale&quot;:false,&quot;newArrival&quot;:false,&quot;sponsored&quot;:false,&quot;includeContentTrackingInfo&quot;:true}">Add to Cart</button></div><span class="element-invisible" aria-live="assertive"></span></div></div><div class="product-grid-cell_bulk-buy-container overlay--closed" tabindex="-1" aria-hidden="true"><bulk-buy-scroller other-information="otherInformation" on-close="onCloseBMSMOverlay()" product="product" cart-log-location="cartLogLocation" options="options" product-id="product.prodId"><!----><div ng-class="{&#39;bulk-buy-scroller_container--vertical&#39;: $ctrl.options.bulkBuyVerticalStyle}" class="bulk-buy-scroller_container bulk-buy-scroller_container--vertical" ng-if="$ctrl.shouldShowBulkBuy()"><!----><div class="bulk-buy-scroller_header-container" ng-if="$ctrl.isSIMQ() || (!$ctrl.isSIMQ() &amp;&amp; $ctrl.isShelf()) "><!----><h4 id="bulk-buy-scroller_heading--228698" class="bulk-buy-scroller_heading text-center" ng-class="{
            &#39;bulk-buy-scroller_heading--reverse&#39;: $ctrl.options.bulkBuyReverseStyle,
            &#39;text-center&#39;: $ctrl.isShelf()
        }">Buy More Save More</h4><!----><button ng-if="($ctrl.options.bulkBuyReverseStyle || $ctrl.options.bulkBuyVerticalStyle)" ng-click="$ctrl.close()" ng-class="{
            &#39;bulk-buy-scroller_close-button--reverse&#39;: $ctrl.options.bulkBuyReverseStyle,
            &#39;bulk-buy-scroller_close-button--vertical&#39;: $ctrl.options.bulkBuyVerticalStyle,
            &#39;button--white-no-border&#39;: $ctrl.state.currentQuantity === 0,
            &#39;button--lightest-grey&#39;: $ctrl.state.currentQuantity &gt; 0
            }" class="button bulk-buy-scroller_close-button bulk-buy-scroller_close-button--vertical button--white-no-border" aria-label="Close Promotion Options" tabindex="0"><div class="vector-icon_outer-wrapper" svg-id="icon_close" svg-class="vector-icon-color--dark-grey" container-class="vector-icon-size--xxsmall" svg-title="Close Icon" svg-description="X Icon" svg-role="presentation" svg-aria-hidden="true"><div class="vector-icon_container vector-icon-size--xxsmall"><svg version="1.1" x="0px" y="0px" focusable="false" viewBox="0 0 1024 1024" class="vector-icon-color--dark-grey" role="presentation" aria-hidden="true"><title>Close Icon</title><desc>X Icon</desc><path d="M20.685 1003.315c27.546 27.546 72.397 27.546 99.942 0l391.373-391.373 391.373 391.373c27.546 27.546 72.397 27.546 99.942 0s27.546-72.397 0-99.942l-391.373-391.373 391.373-391.373c27.546-27.546 27.546-72.397 0-99.942s-72.397-27.546-99.942 0l-391.373 391.373-391.373-391.373c-27.546-27.546-72.397-27.546-99.942 0s-27.546 72.397 0 99.942l391.373 391.373-391.373 391.373c-27.597 27.546-27.597 72.397 0 99.942z" class="path1"></path></svg></div></div></button><!----></div><!----><!----><div class="bulk-buy-scroller_mix-match-container bulk-buy-scroller_mix-match-container--vertical" ng-if="!$ctrl.isSIMQ() &amp;&amp; $ctrl.isShelf()" ng-class="{
            &#39;bulk-buy-scroller_mix-match-container--reverse&#39;: $ctrl.options.bulkBuyReverseStyle,
            &#39;bulk-buy-scroller_mix-match-container--vertical&#39;: $ctrl.options.bulkBuyVerticalStyle,
            &#39;bulk-buy-scroller_mix-match-container--normal&#39;: $ctrl.options.bulkBuyNormalStyle
        }"><button class="button bulk-buy-scroller_mix-match-button" ng-click="$ctrl.openProductGroup()" tabindex="0"><span class="bulk-buy-scroller_button-headline">Buy 3 @ $1.99 ea</span> <span class="bulk-buy-scroller_button-cta">Mix &amp; Match Options </span></button></div><!----><!----><!----></div><!----></bulk-buy-scroller><div class="add-to-cart"><div class="add-to-cart_button"><button class="button button--add-to-cart" data-product-id="228698" data-price="3.59" data-cart-log-location="ORGANIC" data-persisted-quantity="0" data-other-information="{&quot;catPath&quot;:&quot;1,2543&quot;,&quot;sale&quot;:false,&quot;newArrival&quot;:false,&quot;sponsored&quot;:false,&quot;includeContentTrackingInfo&quot;:true}">Add to Cart</button></div><span class="element-invisible" aria-live="assertive"></span></div></div><div class="spyglass-container"></div></li><li role="region" tabindex="-1" aria-label="Clif Energy Bars Cool Mint Chocolate Organic - 6 ct" class="product-cell product-grid-cell product-grid-cell--quad" data-id="118-&gt;226495" data-position="114"><div class="confirmation-wrapper confirmation-wrapper--hidden" id="confirmation-wrapper--226495"><div class="confirmation-whitewash"><div class="confirmation-dialog"><div class="confirmation-dialog_messages" tabindex="0"><h4 class="confirmation-dialog_message-headline">Remove This Item From Your Cart?</h4></div><div class="confirmation-dialog_action-container"><div class="confirmation-dialog_confirmation-button"><button class="button button--fourth" tabindex="0" data-product-id="226495" data-cart-log-location="ORGANIC" data-persisted-quantity="undefined" data-price="6.99">OK</button></div><div class="confirmation-dialog_cancel-button"><button class="button button--fourth" tabindex="0" data-product-id="226495">Cancel</button></div></div></div></div></div><div class="confirmation-wrapper" style="display: none;"><div class="confirmation-whitewash"></div></div><img src="./Snacks_Candy_Organic_files/9GLP2.jpg" alt="Clif Energy Bars Cool Mint Chocolate Organic - 6 ct" class="product-grid-cell_main-image" data-block-spinner="true" data-product-id="226495"><div class="product-grid-cell_price-tag"><div class="product-grid-cell_name" role="link" tabindex="0" data-block-spinner="true" data-product-id="226495"><h3 class="product-grid-cell_name-text select-text">Clif Energy Bars Cool Mint Chocolate Organic - 6 ct</h3></div><div class="product-grid-cell_price-container" role="link" data-block-spinner="true" data-product-id="226495"><div class="product-grid-cell_regular-price-container"><span class="product-grid-cell_was" aria-hidden="true"></span><span class="product-grid-cell_regular-price"></span></div><span class="product-grid-cell_main-price select-text">$6.99</span><span class="product-grid-cell_hidden-price"></span></div><span class="product-grid-cell_size select-text" role="link" data-block-spinner="true" data-product-id="226495">14.4 oz box</span><span data-block-spinner="true" data-product-id="226495"><span class="product-grid-cell_unit select-text"> | $0.49 / oz</span></span><div class="buy-more-save-more_cta-grid-container"></div><div class="add-to-cart"><div class="add-to-cart_button"><button class="button button--add-to-cart" data-product-id="226495" data-price="6.99" data-cart-log-location="ORGANIC" data-persisted-quantity="0" data-other-information="{&quot;catPath&quot;:&quot;1,2543&quot;,&quot;sale&quot;:false,&quot;newArrival&quot;:false,&quot;sponsored&quot;:false,&quot;includeContentTrackingInfo&quot;:true}">Add to Cart</button></div><span class="element-invisible" aria-live="assertive"></span></div></div><div class="spyglass-container"></div></li><li role="region" tabindex="-1" aria-label="Nature&#39;s Path Love Crunch Granola Dark Chocolate &amp; Peanut Butter Organic" class="product-cell product-grid-cell product-grid-cell--quad" data-id="119-&gt;221676" data-position="115"><div class="confirmation-wrapper confirmation-wrapper--hidden" id="confirmation-wrapper--221676"><div class="confirmation-whitewash"><div class="confirmation-dialog"><div class="confirmation-dialog_messages" tabindex="0"><h4 class="confirmation-dialog_message-headline">Remove This Item From Your Cart?</h4></div><div class="confirmation-dialog_action-container"><div class="confirmation-dialog_confirmation-button"><button class="button button--fourth" tabindex="0" data-product-id="221676" data-cart-log-location="ORGANIC" data-persisted-quantity="undefined" data-price="4.99">OK</button></div><div class="confirmation-dialog_cancel-button"><button class="button button--fourth" tabindex="0" data-product-id="221676">Cancel</button></div></div></div></div></div><div class="confirmation-wrapper" style="display: none;"><div class="confirmation-whitewash"></div></div><div class="vector-icon_absolute--left vector-icon_absolute--top buy-more-save-more_sticker-outer-container" aria-label="buy more save more" tabindex="0" role="link" data-pod-group="1183612" data-block-spinner="true"><span class="vector-icon_inline-text--left buy-more-save-more_link buy-more-save-more_view-deal-sticker"><div class="vector-icon_outer-wrapper"><div class="vector-icon_container vector-icon-size--xxlarge"><svg version="1.1" x="0px" y="0px" focusable="false" viewBox="0 0 1022 1024" class="vector-icon-color--bmsm" role="presentation" aria-hidden="true"><title>view deal icon</title><desc>vew deal icon</desc><path d="M882.478 520.133c0 179.904-164.594 325.744-367.631 325.744s-367.631-145.841-367.631-325.744c0-179.904 164.594-325.744 367.631-325.744s367.631 145.841 367.631 325.744z" class="path1" fill="rgb(255, 255, 255)"></path><path d="M1004.073 382.272c-40.667-15.047-79.708-29.687-119.968-44.734 14.64-40.667 28.467-80.114 43.107-122.002-44.734 0-86.621 0.407-130.135 0.407-1.627-43.514-2.847-84.994-4.473-129.728-41.074 14.64-80.114 28.874-121.188 43.514-16.674-37.414-33.347-74.421-50.834-113.461-33.347 28.060-64.661 54.901-96.788 82.148-30.094-29.28-59.374-58.154-89.468-87.841-19.52 38.634-37.82 74.421-56.934 111.835-39.041-17.080-76.454-33.754-115.902-51.241-4.88 44.734-9.76 87.028-14.234 129.728-42.701-2.847-83.774-5.287-127.695-7.727 12.2 42.294 23.18 82.554 34.974 124.035-40.667 13.827-79.301 27.247-120.375 41.074 25.62 34.974 50.427 68.321 75.641 102.888-33.347 28.060-65.881 55.307-100.041 83.774 37.82 22.774 73.608 43.921 108.988 65.068-20.334 37.82-40.261 74.421-61.001 112.241 42.701 8.947 84.994 17.894 128.102 26.84-7.32 42.701-14.234 82.554-21.147 124.442 45.141-7.32 85.808-14.234 128.508-21.147 8.947 42.294 17.080 82.148 25.62 124.442 38.634-23.994 74.828-46.767 111.835-69.541 24.807 36.6 47.987 71.168 72.794 107.768 25.62-34.974 50.021-67.914 75.234-101.668 36.194 23.587 70.761 46.361 107.768 70.761 11.387-41.887 22.367-82.148 32.94-122.408 43.921 10.98 84.994 21.147 129.322 32.127-4.473-44.734-8.54-85.808-12.607-128.508 41.074-5.693 81.741-10.98 124.848-17.080-16.267-33.754-30.094-65.474-46.361-95.568-9.353-17.487-8.54-26.84 11.387-35.787 30.094-13.42 58.561-30.5 89.061-46.767-31.72-31.314-61.814-60.187-92.315-90.281 27.247-32.94 53.274-64.254 81.334-97.601z" class="path2" fill="rgb(0, 0, 0)"></path><path d="M286.704 537.214l-85.808-114.275 30.907-8.54 63.441 88.248 7.727-108.581 30.907-8.54-13.014 142.335-34.16 9.353z" class="path3" fill="rgb(255, 255, 255)"></path><path d="M396.912 506.307l-36.194-128.102 27.247-7.727 36.194 128.102-27.247 7.727z" class="path4" fill="rgb(255, 255, 255)"></path><path d="M464.013 487.193l-36.194-128.102 90.688-25.62 6.913 23.994-63.441 17.894 7.727 26.84 62.221-17.487 6.913 23.994-62.221 17.487 8.133 29.28 63.441-17.894 6.913 23.994-91.095 25.62z" class="path5" fill="rgb(255, 255, 255)"></path><path d="M688.496 423.752l-47.174-81.741 2.44 94.348-28.874 8.133-72.794-117.935 30.5-8.54 48.801 86.214-2.033-99.228 21.147-6.1 50.427 85.808-3.66-99.228 30.5-8.54-0.407 138.675-28.874 8.133z" class="path6" fill="rgb(255, 255, 255)"></path><path d="M297.684 713.709l-36.194-128.102 50.427-14.234c40.261-11.387 75.234 6.507 86.214 44.734 10.98 39.041-9.76 71.981-49.614 83.368l-50.834 14.234zM370.478 623.835c-6.507-22.367-25.214-36.194-51.241-28.874l-23.587 6.507 22.774 80.114 23.18-6.507c25.214-6.507 34.974-29.28 28.874-51.241z" class="path7" fill="rgb(255, 255, 255)"></path><path d="M450.186 670.602l-36.194-128.102 90.688-25.62 6.913 23.994-63.441 17.894 7.727 26.84 62.221-17.487 6.913 23.994-62.221 17.487 8.133 29.28 63.441-17.894 6.913 23.994-91.095 25.62z" class="path8" fill="rgb(255, 255, 255)"></path><path d="M665.315 610.008l-14.234-19.52-54.901 15.454-2.033 23.994-30.907 8.54 13.014-142.335 34.16-9.76 85.808 114.275-30.907 9.353zM601.468 518.913l-4.473 61.001 39.854-11.387-35.38-49.614z" class="path9" fill="rgb(255, 255, 255)"></path><path d="M721.843 594.148l-36.194-128.102 27.654-7.727 29.28 104.108 54.087-15.454 6.913 23.994-81.741 23.18z" class="path10" fill="rgb(255, 255, 255)"></path></svg></div></div><span class="element-invisible">View items in deal</span></span></div><img src="./Snacks_Candy_Organic_files/QK82Y.jpg" alt="Nature&#39;s Path Love Crunch Granola Dark Chocolate &amp; Peanut Butter Organic" class="product-grid-cell_main-image" data-block-spinner="true" data-product-id="221676"><div class="product-grid-cell_price-tag overlay--open" tabindex="0" aria-hidden="false"><div class="product-grid-cell_name" role="link" tabindex="0" data-block-spinner="true" data-product-id="221676"><h3 class="product-grid-cell_name-text select-text">Nature's Path Love Crunch Granola Dark Chocolate &amp; Peanut Butter Organic</h3></div><div class="product-grid-cell_price-container" role="link" data-block-spinner="true" data-product-id="221676"><div class="product-grid-cell_regular-price-container"><span class="product-grid-cell_was" aria-hidden="true"></span><span class="product-grid-cell_regular-price"></span></div><span class="product-grid-cell_main-price select-text">$4.99</span><span class="product-grid-cell_hidden-price"></span></div><span class="product-grid-cell_size select-text" role="link" data-block-spinner="true" data-product-id="221676">11.5 oz pkg</span><span data-block-spinner="true" data-product-id="221676"><span class="product-grid-cell_unit select-text"> | $0.43 / oz</span></span><div class="buy-more-save-more_cta-grid-container" aria-label="Buy 2, $1.00 off ea" tabindex="0" role="link" data-pod-group="1183612" data-block-spinner="true"><span class="buy-more-save-more_cta buy-more-save-more_link">Buy 2, $1.00 off ea<span aria-hidden="true"></span></span></div><div class="add-to-cart"><div class="add-to-cart_button"><button class="button button--add-to-cart" data-product-id="221676" data-price="4.99" data-cart-log-location="ORGANIC" data-persisted-quantity="0" data-other-information="{&quot;catPath&quot;:&quot;1,2543&quot;,&quot;sale&quot;:false,&quot;newArrival&quot;:false,&quot;sponsored&quot;:false,&quot;includeContentTrackingInfo&quot;:true}">Add to Cart</button></div><span class="element-invisible" aria-live="assertive"></span></div></div><div class="product-grid-cell_bulk-buy-container overlay--closed" tabindex="-1" aria-hidden="true"><bulk-buy-scroller other-information="otherInformation" on-close="onCloseBMSMOverlay()" product="product" cart-log-location="cartLogLocation" options="options" product-id="product.prodId"><!----><div ng-class="{&#39;bulk-buy-scroller_container--vertical&#39;: $ctrl.options.bulkBuyVerticalStyle}" class="bulk-buy-scroller_container bulk-buy-scroller_container--vertical" ng-if="$ctrl.shouldShowBulkBuy()"><!----><div class="bulk-buy-scroller_header-container" ng-if="$ctrl.isSIMQ() || (!$ctrl.isSIMQ() &amp;&amp; $ctrl.isShelf()) "><!----><h4 id="bulk-buy-scroller_heading--221676" class="bulk-buy-scroller_heading text-center" ng-class="{
            &#39;bulk-buy-scroller_heading--reverse&#39;: $ctrl.options.bulkBuyReverseStyle,
            &#39;text-center&#39;: $ctrl.isShelf()
        }">Buy More Save More</h4><!----><button ng-if="($ctrl.options.bulkBuyReverseStyle || $ctrl.options.bulkBuyVerticalStyle)" ng-click="$ctrl.close()" ng-class="{
            &#39;bulk-buy-scroller_close-button--reverse&#39;: $ctrl.options.bulkBuyReverseStyle,
            &#39;bulk-buy-scroller_close-button--vertical&#39;: $ctrl.options.bulkBuyVerticalStyle,
            &#39;button--white-no-border&#39;: $ctrl.state.currentQuantity === 0,
            &#39;button--lightest-grey&#39;: $ctrl.state.currentQuantity &gt; 0
            }" class="button bulk-buy-scroller_close-button bulk-buy-scroller_close-button--vertical button--white-no-border" aria-label="Close Promotion Options" tabindex="0"><div class="vector-icon_outer-wrapper" svg-id="icon_close" svg-class="vector-icon-color--dark-grey" container-class="vector-icon-size--xxsmall" svg-title="Close Icon" svg-description="X Icon" svg-role="presentation" svg-aria-hidden="true"><div class="vector-icon_container vector-icon-size--xxsmall"><svg version="1.1" x="0px" y="0px" focusable="false" viewBox="0 0 1024 1024" class="vector-icon-color--dark-grey" role="presentation" aria-hidden="true"><title>Close Icon</title><desc>X Icon</desc><path d="M20.685 1003.315c27.546 27.546 72.397 27.546 99.942 0l391.373-391.373 391.373 391.373c27.546 27.546 72.397 27.546 99.942 0s27.546-72.397 0-99.942l-391.373-391.373 391.373-391.373c27.546-27.546 27.546-72.397 0-99.942s-72.397-27.546-99.942 0l-391.373 391.373-391.373-391.373c-27.546-27.546-72.397-27.546-99.942 0s-27.546 72.397 0 99.942l391.373 391.373-391.373 391.373c-27.597 27.546-27.597 72.397 0 99.942z" class="path1"></path></svg></div></div></button><!----></div><!----><!----><div class="bulk-buy-scroller_mix-match-container bulk-buy-scroller_mix-match-container--vertical" ng-if="!$ctrl.isSIMQ() &amp;&amp; $ctrl.isShelf()" ng-class="{
            &#39;bulk-buy-scroller_mix-match-container--reverse&#39;: $ctrl.options.bulkBuyReverseStyle,
            &#39;bulk-buy-scroller_mix-match-container--vertical&#39;: $ctrl.options.bulkBuyVerticalStyle,
            &#39;bulk-buy-scroller_mix-match-container--normal&#39;: $ctrl.options.bulkBuyNormalStyle
        }"><button class="button bulk-buy-scroller_mix-match-button" ng-click="$ctrl.openProductGroup()" tabindex="0"><span class="bulk-buy-scroller_button-headline">Buy 2, $1.00 off ea</span> <span class="bulk-buy-scroller_button-cta">Mix &amp; Match Options </span></button></div><!----><!----><!----></div><!----></bulk-buy-scroller><div class="add-to-cart"><div class="add-to-cart_button"><button class="button button--add-to-cart" data-product-id="221676" data-price="4.99" data-cart-log-location="ORGANIC" data-persisted-quantity="0" data-other-information="{&quot;catPath&quot;:&quot;1,2543&quot;,&quot;sale&quot;:false,&quot;newArrival&quot;:false,&quot;sponsored&quot;:false,&quot;includeContentTrackingInfo&quot;:true}">Add to Cart</button></div><span class="element-invisible" aria-live="assertive"></span></div></div><div class="spyglass-container"></div></li><li role="region" tabindex="-1" aria-label="Annie&#39;s Organic Chewy Granola Bars, Peanut Butter Chocolate Chip - 6 CT" class="product-cell product-grid-cell product-grid-cell--quad" data-id="120-&gt;219316" data-position="116"><div class="confirmation-wrapper confirmation-wrapper--hidden" id="confirmation-wrapper--219316"><div class="confirmation-whitewash"><div class="confirmation-dialog"><div class="confirmation-dialog_messages" tabindex="0"><h4 class="confirmation-dialog_message-headline">Remove This Item From Your Cart?</h4></div><div class="confirmation-dialog_action-container"><div class="confirmation-dialog_confirmation-button"><button class="button button--fourth" tabindex="0" data-product-id="219316" data-cart-log-location="ORGANIC" data-persisted-quantity="undefined" data-price="4.49">OK</button></div><div class="confirmation-dialog_cancel-button"><button class="button button--fourth" tabindex="0" data-product-id="219316">Cancel</button></div></div></div></div></div><div class="confirmation-wrapper" style="display: none;"><div class="confirmation-whitewash"></div></div><img src="./Snacks_Candy_Organic_files/8Z1PJ.jpg" alt="Annie&#39;s Organic Chewy Granola Bars, Peanut Butter Chocolate Chip - 6 CT" class="product-grid-cell_main-image" data-block-spinner="true" data-product-id="219316"><div class="product-grid-cell_price-tag"><div class="product-grid-cell_name" role="link" tabindex="0" data-block-spinner="true" data-product-id="219316"><h3 class="product-grid-cell_name-text select-text">Annie's Organic Chewy Granola Bars, Peanut Butter Chocolate Chip - 6 CT</h3></div><div class="product-grid-cell_price-container" role="link" data-block-spinner="true" data-product-id="219316"><div class="product-grid-cell_regular-price-container"><span class="product-grid-cell_was" aria-hidden="true"></span><span class="product-grid-cell_regular-price"></span></div><span class="product-grid-cell_main-price select-text">$4.49</span><span class="product-grid-cell_hidden-price"></span></div><span class="product-grid-cell_size select-text" role="link" data-block-spinner="true" data-product-id="219316">5.34 oz box</span><span data-block-spinner="true" data-product-id="219316"><span class="product-grid-cell_unit select-text"> | $0.84 / oz</span></span><div class="buy-more-save-more_cta-grid-container"></div><div class="add-to-cart"><div class="add-to-cart_button"><button class="button button--add-to-cart" data-product-id="219316" data-price="4.49" data-cart-log-location="ORGANIC" data-persisted-quantity="0" data-other-information="{&quot;catPath&quot;:&quot;1,2543&quot;,&quot;sale&quot;:false,&quot;newArrival&quot;:false,&quot;sponsored&quot;:false,&quot;includeContentTrackingInfo&quot;:true}">Add to Cart</button></div><span class="element-invisible" aria-live="assertive"></span></div></div><div class="spyglass-container"></div></li><li role="region" tabindex="-1" aria-label="Late July Snacks Clasico Tortilla Chips Jalapeno Lime Organic" class="product-cell product-grid-cell product-grid-cell--quad" data-id="121-&gt;221564" data-position="117"><div class="confirmation-wrapper confirmation-wrapper--hidden" id="confirmation-wrapper--221564"><div class="confirmation-whitewash"><div class="confirmation-dialog"><div class="confirmation-dialog_messages" tabindex="0"><h4 class="confirmation-dialog_message-headline">Remove This Item From Your Cart?</h4></div><div class="confirmation-dialog_action-container"><div class="confirmation-dialog_confirmation-button"><button class="button button--fourth" tabindex="0" data-product-id="221564" data-cart-log-location="ORGANIC" data-persisted-quantity="undefined" data-price="3.69">OK</button></div><div class="confirmation-dialog_cancel-button"><button class="button button--fourth" tabindex="0" data-product-id="221564">Cancel</button></div></div></div></div></div><div class="confirmation-wrapper" style="display: none;"><div class="confirmation-whitewash"></div></div><img src="./Snacks_Candy_Organic_files/ZHVSB.jpg" alt="Late July Snacks Clasico Tortilla Chips Jalapeno Lime Organic" class="product-grid-cell_main-image" data-block-spinner="true" data-product-id="221564"><div class="product-grid-cell_price-tag"><div class="product-grid-cell_name" role="link" tabindex="0" data-block-spinner="true" data-product-id="221564"><h3 class="product-grid-cell_name-text select-text">Late July Snacks Clasico Tortilla Chips Jalapeno Lime Organic</h3></div><div class="product-grid-cell_price-container" role="link" data-block-spinner="true" data-product-id="221564"><div class="product-grid-cell_regular-price-container"><span class="product-grid-cell_was" aria-hidden="true"></span><span class="product-grid-cell_regular-price"></span></div><span class="product-grid-cell_main-price select-text">$3.69</span><span class="product-grid-cell_hidden-price"></span></div><span class="product-grid-cell_size select-text" role="link" data-block-spinner="true" data-product-id="221564">5.5 oz bag</span><span data-block-spinner="true" data-product-id="221564"><span class="product-grid-cell_unit select-text"> | $0.67 / oz</span></span><div class="buy-more-save-more_cta-grid-container"></div><div class="add-to-cart"><div class="add-to-cart_button"><button class="button button--add-to-cart" data-product-id="221564" data-price="3.69" data-cart-log-location="ORGANIC" data-persisted-quantity="0" data-other-information="{&quot;catPath&quot;:&quot;1,2543&quot;,&quot;sale&quot;:false,&quot;newArrival&quot;:false,&quot;sponsored&quot;:false,&quot;includeContentTrackingInfo&quot;:true}">Add to Cart</button></div><span class="element-invisible" aria-live="assertive"></span></div></div><div class="spyglass-container"></div></li><li role="region" tabindex="-1" aria-label="Woodstock Just Seeds Pumpkin Seeds Organic" class="product-cell product-grid-cell product-grid-cell--quad" data-id="122-&gt;183189" data-position="118"><div class="confirmation-wrapper confirmation-wrapper--hidden" id="confirmation-wrapper--183189"><div class="confirmation-whitewash"><div class="confirmation-dialog"><div class="confirmation-dialog_messages" tabindex="0"><h4 class="confirmation-dialog_message-headline">Remove This Item From Your Cart?</h4></div><div class="confirmation-dialog_action-container"><div class="confirmation-dialog_confirmation-button"><button class="button button--fourth" tabindex="0" data-product-id="183189" data-cart-log-location="ORGANIC" data-persisted-quantity="undefined" data-price="7.99">OK</button></div><div class="confirmation-dialog_cancel-button"><button class="button button--fourth" tabindex="0" data-product-id="183189">Cancel</button></div></div></div></div></div><div class="confirmation-wrapper" style="display: none;"><div class="confirmation-whitewash"></div></div><img src="./Snacks_Candy_Organic_files/HXQRS.jpg" alt="Woodstock Just Seeds Pumpkin Seeds Organic" class="product-grid-cell_main-image" data-block-spinner="true" data-product-id="183189"><div class="product-grid-cell_price-tag"><div class="product-grid-cell_name" role="link" tabindex="0" data-block-spinner="true" data-product-id="183189"><h3 class="product-grid-cell_name-text select-text">Woodstock Just Seeds Pumpkin Seeds Organic</h3></div><div class="product-grid-cell_price-container" role="link" data-block-spinner="true" data-product-id="183189"><div class="product-grid-cell_regular-price-container"><span class="product-grid-cell_was" aria-hidden="true"></span><span class="product-grid-cell_regular-price"></span></div><span class="product-grid-cell_main-price select-text">$7.99</span><span class="product-grid-cell_hidden-price"></span></div><span class="product-grid-cell_size select-text" role="link" data-block-spinner="true" data-product-id="183189">11 oz pkg</span><span data-block-spinner="true" data-product-id="183189"><span class="product-grid-cell_unit select-text"> | $0.73 / oz</span></span><div class="buy-more-save-more_cta-grid-container"></div><div class="add-to-cart"><div class="add-to-cart_button"><button class="button button--add-to-cart" data-product-id="183189" data-price="7.99" data-cart-log-location="ORGANIC" data-persisted-quantity="0" data-other-information="{&quot;catPath&quot;:&quot;1,2543&quot;,&quot;sale&quot;:false,&quot;newArrival&quot;:false,&quot;sponsored&quot;:false,&quot;includeContentTrackingInfo&quot;:true}">Add to Cart</button></div><span class="element-invisible" aria-live="assertive"></span></div></div><div class="spyglass-container"></div></li><li role="region" tabindex="-1" aria-label="Cascadian Farm Crunchy Peanut Butter Granola Bars Organic - 5 ct" class="product-cell product-grid-cell product-grid-cell--quad" data-id="123-&gt;210551" data-position="119"><div class="confirmation-wrapper confirmation-wrapper--hidden" id="confirmation-wrapper--210551"><div class="confirmation-whitewash"><div class="confirmation-dialog"><div class="confirmation-dialog_messages" tabindex="0"><h4 class="confirmation-dialog_message-headline">Remove This Item From Your Cart?</h4></div><div class="confirmation-dialog_action-container"><div class="confirmation-dialog_confirmation-button"><button class="button button--fourth" tabindex="0" data-product-id="210551" data-cart-log-location="ORGANIC" data-persisted-quantity="undefined" data-price="4.29">OK</button></div><div class="confirmation-dialog_cancel-button"><button class="button button--fourth" tabindex="0" data-product-id="210551">Cancel</button></div></div></div></div></div><div class="confirmation-wrapper" style="display: none;"><div class="confirmation-whitewash"></div></div><div class="vector-icon_absolute--left vector-icon_absolute--top buy-more-save-more_sticker-outer-container" aria-label="buy more save more" tabindex="0" role="link" data-pod-group="1184518" data-block-spinner="true"><span class="vector-icon_inline-text--left buy-more-save-more_link buy-more-save-more_view-deal-sticker"><div class="vector-icon_outer-wrapper"><div class="vector-icon_container vector-icon-size--xxlarge"><svg version="1.1" x="0px" y="0px" focusable="false" viewBox="0 0 1022 1024" class="vector-icon-color--bmsm" role="presentation" aria-hidden="true"><title>view deal icon</title><desc>vew deal icon</desc><path d="M882.478 520.133c0 179.904-164.594 325.744-367.631 325.744s-367.631-145.841-367.631-325.744c0-179.904 164.594-325.744 367.631-325.744s367.631 145.841 367.631 325.744z" class="path1" fill="rgb(255, 255, 255)"></path><path d="M1004.073 382.272c-40.667-15.047-79.708-29.687-119.968-44.734 14.64-40.667 28.467-80.114 43.107-122.002-44.734 0-86.621 0.407-130.135 0.407-1.627-43.514-2.847-84.994-4.473-129.728-41.074 14.64-80.114 28.874-121.188 43.514-16.674-37.414-33.347-74.421-50.834-113.461-33.347 28.060-64.661 54.901-96.788 82.148-30.094-29.28-59.374-58.154-89.468-87.841-19.52 38.634-37.82 74.421-56.934 111.835-39.041-17.080-76.454-33.754-115.902-51.241-4.88 44.734-9.76 87.028-14.234 129.728-42.701-2.847-83.774-5.287-127.695-7.727 12.2 42.294 23.18 82.554 34.974 124.035-40.667 13.827-79.301 27.247-120.375 41.074 25.62 34.974 50.427 68.321 75.641 102.888-33.347 28.060-65.881 55.307-100.041 83.774 37.82 22.774 73.608 43.921 108.988 65.068-20.334 37.82-40.261 74.421-61.001 112.241 42.701 8.947 84.994 17.894 128.102 26.84-7.32 42.701-14.234 82.554-21.147 124.442 45.141-7.32 85.808-14.234 128.508-21.147 8.947 42.294 17.080 82.148 25.62 124.442 38.634-23.994 74.828-46.767 111.835-69.541 24.807 36.6 47.987 71.168 72.794 107.768 25.62-34.974 50.021-67.914 75.234-101.668 36.194 23.587 70.761 46.361 107.768 70.761 11.387-41.887 22.367-82.148 32.94-122.408 43.921 10.98 84.994 21.147 129.322 32.127-4.473-44.734-8.54-85.808-12.607-128.508 41.074-5.693 81.741-10.98 124.848-17.080-16.267-33.754-30.094-65.474-46.361-95.568-9.353-17.487-8.54-26.84 11.387-35.787 30.094-13.42 58.561-30.5 89.061-46.767-31.72-31.314-61.814-60.187-92.315-90.281 27.247-32.94 53.274-64.254 81.334-97.601z" class="path2" fill="rgb(0, 0, 0)"></path><path d="M286.704 537.214l-85.808-114.275 30.907-8.54 63.441 88.248 7.727-108.581 30.907-8.54-13.014 142.335-34.16 9.353z" class="path3" fill="rgb(255, 255, 255)"></path><path d="M396.912 506.307l-36.194-128.102 27.247-7.727 36.194 128.102-27.247 7.727z" class="path4" fill="rgb(255, 255, 255)"></path><path d="M464.013 487.193l-36.194-128.102 90.688-25.62 6.913 23.994-63.441 17.894 7.727 26.84 62.221-17.487 6.913 23.994-62.221 17.487 8.133 29.28 63.441-17.894 6.913 23.994-91.095 25.62z" class="path5" fill="rgb(255, 255, 255)"></path><path d="M688.496 423.752l-47.174-81.741 2.44 94.348-28.874 8.133-72.794-117.935 30.5-8.54 48.801 86.214-2.033-99.228 21.147-6.1 50.427 85.808-3.66-99.228 30.5-8.54-0.407 138.675-28.874 8.133z" class="path6" fill="rgb(255, 255, 255)"></path><path d="M297.684 713.709l-36.194-128.102 50.427-14.234c40.261-11.387 75.234 6.507 86.214 44.734 10.98 39.041-9.76 71.981-49.614 83.368l-50.834 14.234zM370.478 623.835c-6.507-22.367-25.214-36.194-51.241-28.874l-23.587 6.507 22.774 80.114 23.18-6.507c25.214-6.507 34.974-29.28 28.874-51.241z" class="path7" fill="rgb(255, 255, 255)"></path><path d="M450.186 670.602l-36.194-128.102 90.688-25.62 6.913 23.994-63.441 17.894 7.727 26.84 62.221-17.487 6.913 23.994-62.221 17.487 8.133 29.28 63.441-17.894 6.913 23.994-91.095 25.62z" class="path8" fill="rgb(255, 255, 255)"></path><path d="M665.315 610.008l-14.234-19.52-54.901 15.454-2.033 23.994-30.907 8.54 13.014-142.335 34.16-9.76 85.808 114.275-30.907 9.353zM601.468 518.913l-4.473 61.001 39.854-11.387-35.38-49.614z" class="path9" fill="rgb(255, 255, 255)"></path><path d="M721.843 594.148l-36.194-128.102 27.654-7.727 29.28 104.108 54.087-15.454 6.913 23.994-81.741 23.18z" class="path10" fill="rgb(255, 255, 255)"></path></svg></div></div><span class="element-invisible">View items in deal</span></span></div><img src="./Snacks_Candy_Organic_files/ZJJFU.png" alt="Cascadian Farm Crunchy Peanut Butter Granola Bars Organic - 5 ct" class="product-grid-cell_main-image" data-block-spinner="true" data-product-id="210551"><div class="product-grid-cell_price-tag overlay--open" tabindex="0" aria-hidden="false"><div class="product-grid-cell_name" role="link" tabindex="0" data-block-spinner="true" data-product-id="210551"><h3 class="product-grid-cell_name-text select-text">Cascadian Farm Crunchy Peanut Butter Granola Bars Organic - 5 ct</h3></div><div class="product-grid-cell_price-container" role="link" data-block-spinner="true" data-product-id="210551"><div class="product-grid-cell_regular-price-container"><span class="product-grid-cell_was" aria-hidden="true"></span><span class="product-grid-cell_regular-price"></span></div><span class="product-grid-cell_main-price select-text">$4.29</span><span class="product-grid-cell_hidden-price"></span></div><span class="product-grid-cell_size select-text" role="link" data-block-spinner="true" data-product-id="210551">7.1 oz box</span><span data-block-spinner="true" data-product-id="210551"><span class="product-grid-cell_unit select-text"> | $0.60 / oz</span></span><div class="buy-more-save-more_cta-grid-container" aria-label="Buy 2 @ $3.00 ea" tabindex="0" role="link" data-pod-group="1184518" data-block-spinner="true"><span class="buy-more-save-more_cta buy-more-save-more_link">Buy 2 @ $3.00 ea<span aria-hidden="true"></span></span></div><div class="add-to-cart"><div class="add-to-cart_button"><button class="button button--add-to-cart" data-product-id="210551" data-price="4.29" data-cart-log-location="ORGANIC" data-persisted-quantity="0" data-other-information="{&quot;catPath&quot;:&quot;1,2543&quot;,&quot;sale&quot;:false,&quot;newArrival&quot;:false,&quot;sponsored&quot;:false,&quot;includeContentTrackingInfo&quot;:true}">Add to Cart</button></div><span class="element-invisible" aria-live="assertive"></span></div></div><div class="product-grid-cell_bulk-buy-container overlay--closed" tabindex="-1" aria-hidden="true"><bulk-buy-scroller other-information="otherInformation" on-close="onCloseBMSMOverlay()" product="product" cart-log-location="cartLogLocation" options="options" product-id="product.prodId"><!----><div ng-class="{&#39;bulk-buy-scroller_container--vertical&#39;: $ctrl.options.bulkBuyVerticalStyle}" class="bulk-buy-scroller_container bulk-buy-scroller_container--vertical" ng-if="$ctrl.shouldShowBulkBuy()"><!----><div class="bulk-buy-scroller_header-container" ng-if="$ctrl.isSIMQ() || (!$ctrl.isSIMQ() &amp;&amp; $ctrl.isShelf()) "><!----><h4 id="bulk-buy-scroller_heading--210551" class="bulk-buy-scroller_heading text-center" ng-class="{
            &#39;bulk-buy-scroller_heading--reverse&#39;: $ctrl.options.bulkBuyReverseStyle,
            &#39;text-center&#39;: $ctrl.isShelf()
        }">Buy More Save More</h4><!----><button ng-if="($ctrl.options.bulkBuyReverseStyle || $ctrl.options.bulkBuyVerticalStyle)" ng-click="$ctrl.close()" ng-class="{
            &#39;bulk-buy-scroller_close-button--reverse&#39;: $ctrl.options.bulkBuyReverseStyle,
            &#39;bulk-buy-scroller_close-button--vertical&#39;: $ctrl.options.bulkBuyVerticalStyle,
            &#39;button--white-no-border&#39;: $ctrl.state.currentQuantity === 0,
            &#39;button--lightest-grey&#39;: $ctrl.state.currentQuantity &gt; 0
            }" class="button bulk-buy-scroller_close-button bulk-buy-scroller_close-button--vertical button--white-no-border" aria-label="Close Promotion Options" tabindex="0"><div class="vector-icon_outer-wrapper" svg-id="icon_close" svg-class="vector-icon-color--dark-grey" container-class="vector-icon-size--xxsmall" svg-title="Close Icon" svg-description="X Icon" svg-role="presentation" svg-aria-hidden="true"><div class="vector-icon_container vector-icon-size--xxsmall"><svg version="1.1" x="0px" y="0px" focusable="false" viewBox="0 0 1024 1024" class="vector-icon-color--dark-grey" role="presentation" aria-hidden="true"><title>Close Icon</title><desc>X Icon</desc><path d="M20.685 1003.315c27.546 27.546 72.397 27.546 99.942 0l391.373-391.373 391.373 391.373c27.546 27.546 72.397 27.546 99.942 0s27.546-72.397 0-99.942l-391.373-391.373 391.373-391.373c27.546-27.546 27.546-72.397 0-99.942s-72.397-27.546-99.942 0l-391.373 391.373-391.373-391.373c-27.546-27.546-72.397-27.546-99.942 0s-27.546 72.397 0 99.942l391.373 391.373-391.373 391.373c-27.597 27.546-27.597 72.397 0 99.942z" class="path1"></path></svg></div></div></button><!----></div><!----><!----><div class="bulk-buy-scroller_mix-match-container bulk-buy-scroller_mix-match-container--vertical" ng-if="!$ctrl.isSIMQ() &amp;&amp; $ctrl.isShelf()" ng-class="{
            &#39;bulk-buy-scroller_mix-match-container--reverse&#39;: $ctrl.options.bulkBuyReverseStyle,
            &#39;bulk-buy-scroller_mix-match-container--vertical&#39;: $ctrl.options.bulkBuyVerticalStyle,
            &#39;bulk-buy-scroller_mix-match-container--normal&#39;: $ctrl.options.bulkBuyNormalStyle
        }"><button class="button bulk-buy-scroller_mix-match-button" ng-click="$ctrl.openProductGroup()" tabindex="0"><span class="bulk-buy-scroller_button-headline">Buy 2 @ $3.00 ea</span> <span class="bulk-buy-scroller_button-cta">Mix &amp; Match Options </span></button></div><!----><!----><!----></div><!----></bulk-buy-scroller><div class="add-to-cart"><div class="add-to-cart_button"><button class="button button--add-to-cart" data-product-id="210551" data-price="4.29" data-cart-log-location="ORGANIC" data-persisted-quantity="0" data-other-information="{&quot;catPath&quot;:&quot;1,2543&quot;,&quot;sale&quot;:false,&quot;newArrival&quot;:false,&quot;sponsored&quot;:false,&quot;includeContentTrackingInfo&quot;:true}">Add to Cart</button></div><span class="element-invisible" aria-live="assertive"></span></div></div><div class="spyglass-container"></div></li><li role="region" tabindex="-1" aria-label="Hippeas Chickpea Puffs Vegan White Cheddar Organic - 6 ct" class="product-cell product-grid-cell product-grid-cell--quad" data-id="124-&gt;228331" data-position="120"><div class="confirmation-wrapper confirmation-wrapper--hidden" id="confirmation-wrapper--228331"><div class="confirmation-whitewash"><div class="confirmation-dialog"><div class="confirmation-dialog_messages" tabindex="0"><h4 class="confirmation-dialog_message-headline">Remove This Item From Your Cart?</h4></div><div class="confirmation-dialog_action-container"><div class="confirmation-dialog_confirmation-button"><button class="button button--fourth" tabindex="0" data-product-id="228331" data-cart-log-location="ORGANIC" data-persisted-quantity="undefined" data-price="5.99">OK</button></div><div class="confirmation-dialog_cancel-button"><button class="button button--fourth" tabindex="0" data-product-id="228331">Cancel</button></div></div></div></div></div><div class="confirmation-wrapper" style="display: none;"><div class="confirmation-whitewash"></div></div><img src="./Snacks_Candy_Organic_files/ZX9XI.jpg" alt="Hippeas Chickpea Puffs Vegan White Cheddar Organic - 6 ct" class="product-grid-cell_main-image" data-block-spinner="true" data-product-id="228331"><div class="product-grid-cell_price-tag"><div class="product-grid-cell_name" role="link" tabindex="0" data-block-spinner="true" data-product-id="228331"><h3 class="product-grid-cell_name-text select-text">Hippeas Chickpea Puffs Vegan White Cheddar Organic - 6 ct</h3></div><div class="product-grid-cell_price-container" role="link" data-block-spinner="true" data-product-id="228331"><div class="product-grid-cell_regular-price-container"><span class="product-grid-cell_was" aria-hidden="true"></span><span class="product-grid-cell_regular-price"></span></div><span class="product-grid-cell_main-price select-text">$5.99</span><span class="product-grid-cell_hidden-price"></span></div><span class="product-grid-cell_size select-text" role="link" data-block-spinner="true" data-product-id="228331">6 oz pkg</span><span data-block-spinner="true" data-product-id="228331"><span class="product-grid-cell_unit select-text"> | $1.00 / oz</span></span><div class="buy-more-save-more_cta-grid-container"></div><div class="add-to-cart"><div class="add-to-cart_button"><button class="button button--add-to-cart" data-product-id="228331" data-price="5.99" data-cart-log-location="ORGANIC" data-persisted-quantity="0" data-other-information="{&quot;catPath&quot;:&quot;1,2543&quot;,&quot;sale&quot;:false,&quot;newArrival&quot;:false,&quot;sponsored&quot;:false,&quot;includeContentTrackingInfo&quot;:true}">Add to Cart</button></div><span class="element-invisible" aria-live="assertive"></span></div></div><div class="spyglass-container"></div></li><li><div collection-interweave-item="interwovenContent"><div generic-content-interweave-datasource="" data="interwovenContent.content.content" region="browse_aisles_shelf_content" class=""><div generic-content-region="" region="browse_aisles_shelf_content" interwoven="true"><div><div ng-class="methods.classForRegionSize(regionSize, ! content.model.contentData[ interwovenContent.content.region ], methods.contentLayouts(content.model.contentData[ interwovenContent.content.region ], regionSize).layout.length )" width-variable="regionSize" width-values="widthBreakpoints.defaultBreakpoints" class="generic-content_region-contents--medium"><!----><div ng-class="methods.classForContentItem(contentItem, $last, $first)" ng-repeat="contentItem in methods.contentLayouts(content.model.contentData[ interwovenContent.content.region ], regionSize).layout" class="generic-content_content-item--half-width generic-content_content-item--alpha"><div class="generic-content_renderer" generic-content-renderer="contentItem"><div class="generic-content_renderer-contents" ng-class="{&#39;generic-content_renderer-contents--loading&#39; : state.preloading}" style=""><div ng-switch="" on="contentItem.model[contentItem.renderSize].button.type" ng-class="{ &#39;interweaved-content_trailer interweaved-content_leader&#39;: interwoven }" content-interaction-tracker="" content-module-id="contentItem.data.key" class="interweaved-content_trailer interweaved-content_leader"><!----> <!----><a class="content-tile_container" content-compile="" ng-switch-when="external" href="http://peapod.extole.com/micro/microsite?e=&amp;f=&amp;l=" target="_blank"><div class="content-tile_image-container"><img class="content-tile_image" generic-content-image-preload="" img-id="2213280:ONM1O.jpg" alt="grill " src="./Snacks_Candy_Organic_files/ONM1O.jpg"></div><div class="content-tile_copy-container select-text"><div class="content-tile_button"><span class="content-tile_headline" content-compile="contentItem.model[contentItem.renderSize].headline" compile-vars=""><span>Give $50, Get $25</span></span> <span class="content-tile_body" content-compile="contentItem.model[contentItem.renderSize].body" compile-vars=""><span>Refer-A-Friend</span></span> <span class="vector-icon_list-arrow-wrapper"><div class="vector-icon_outer-wrapper" svg-id="arrow_carrot-right" svg-class="vector-icon-color--dark-grey" container-class="vector-icon-size--arrow" svg-title="Arrow Icon" svg-description="Icon of arrow" svg-role="presentation" svg-aria-hidden="true"><div class="vector-icon_container vector-icon-size--arrow"><svg version="1.1" x="0px" y="0px" focusable="false" viewBox="0 0 580 1024" class="vector-icon-color--dark-grey" role="presentation" aria-hidden="true"><title>Arrow Icon</title><desc>Icon of arrow</desc><path d="M20.033 1003.967c26.665 26.665 70.012 26.665 96.677 0l443.458-443.458c13.401-13.401 20.101-31.041 19.964-48.544 0-17.64-6.564-35.143-19.964-48.544l-443.458-443.389c-26.665-26.665-70.012-26.665-96.677 0s-26.665 70.012 0 96.677l395.324 395.324-395.324 395.324c-26.665 26.665-26.665 70.012-0 96.609z" class="path1"></path></svg></div></div></span></div></div></a><!----> <!----> <!----><!----></div></div><div class="generic-content_renderer-animation-container animation-fade ng-hide" ng-hide="!state.preloading" style=""><div width-variable="contentSize" width-observer="contentMethods.contentWidthObserver" width-values="widthBreakpoints.defaultBreakpoints" class="generic-content_renderer-animation generic-content_placeholder--light-grey generic-content_placeholder content-tile_placeholder generic-content_placeholder--light-grey--xsmall generic-content_placeholder--xsmall content-tile_placeholder--xsmall"></div></div></div></div><!----><div ng-class="methods.classForContentItem(contentItem, $last, $first)" ng-repeat="contentItem in methods.contentLayouts(content.model.contentData[ interwovenContent.content.region ], regionSize).layout" class="generic-content_content-item--half-width generic-content_content-item--omega"><div class="generic-content_renderer" generic-content-renderer="contentItem"><div class="generic-content_renderer-contents" ng-class="{&#39;generic-content_renderer-contents--loading&#39; : state.preloading}" style=""><div ng-switch="" on="contentItem.model[contentItem.renderSize].button.type" ng-class="{ &#39;interweaved-content_trailer interweaved-content_leader&#39;: interwoven }" content-interaction-tracker="" content-module-id="contentItem.data.key" class="interweaved-content_trailer interweaved-content_leader"><!----><a class="content-tile_container" content-compile="" ng-switch-when="internal" ng-click="go(compileVars(contentItem.model[contentItem.renderSize].button.link), contentItem.data.key)" is-route-change="true" href="https://www.peapod.com/" loading="true" block="true" tabindex="0"><div class="content-tile_image-container"><img class="content-tile_image" generic-content-image-preload="" img-id="2497930:4NYRM.jpg" alt="Image of prepared ingredients" src="./Snacks_Candy_Organic_files/4NYRM.jpg"></div><div class="content-tile_copy-container select-text"><div class="content-tile_button"><span class="content-tile_headline" content-compile="contentItem.model[contentItem.renderSize].headline" compile-vars=""><span>Cooking Made Easy</span></span> <span class="content-tile_body" content-compile="contentItem.model[contentItem.renderSize].body" compile-vars=""></span> <span class="vector-icon_list-arrow-wrapper"><div class="vector-icon_outer-wrapper" svg-id="arrow_carrot-right" svg-class="vector-icon-color--dark-grey" container-class="vector-icon-size--arrow" svg-title="Arrow Icon" svg-description="Icon of arrow" svg-role="presentation" svg-aria-hidden="true"><div class="vector-icon_container vector-icon-size--arrow"><svg version="1.1" x="0px" y="0px" focusable="false" viewBox="0 0 580 1024" class="vector-icon-color--dark-grey" role="presentation" aria-hidden="true"><title>Arrow Icon</title><desc>Icon of arrow</desc><path d="M20.033 1003.967c26.665 26.665 70.012 26.665 96.677 0l443.458-443.458c13.401-13.401 20.101-31.041 19.964-48.544 0-17.64-6.564-35.143-19.964-48.544l-443.458-443.389c-26.665-26.665-70.012-26.665-96.677 0s-26.665 70.012 0 96.677l395.324 395.324-395.324 395.324c-26.665 26.665-26.665 70.012-0 96.609z" class="path1"></path></svg></div></div></span></div></div></a><!----> <!----> <!----> <!----><!----></div></div><div class="generic-content_renderer-animation-container animation-fade ng-hide" ng-hide="!state.preloading" style=""><div width-variable="contentSize" width-observer="contentMethods.contentWidthObserver" width-values="widthBreakpoints.defaultBreakpoints" class="generic-content_renderer-animation generic-content_placeholder--light-grey generic-content_placeholder content-tile_placeholder generic-content_placeholder--light-grey--xsmall generic-content_placeholder--xsmall content-tile_placeholder--xsmall"></div></div></div></div><!----></div></div></div></div></div></li><!-- end ppdCollection: productData.products renderer: product --></ul></div></div><!----><!----><div class="product-view--load-more" ng-if="updatingProductSet !== true" style=""><!----><button ng-if="infiniteScrollHasNext" class="button button--third button-width--lg" loading="true" ng-click="infiniteScrollHandler()" prevent-focus-to-nearest-item="true" tabindex="0">View More</button><!----><!----><!----></div><!----></div></div><!----><!----></div><footer-module><div id="pdl-footer-mount-point"><footer class="site-footer"><div class="site-footer_max-width-container"><div class="site-footer--tablet"><div style="display: none;"><div class="spyglass_container spyglass_container--nav-group-type" style="display: none;"><h3>Container/Scheduler</h3><ul><li><span class="spyglass_label">Scheduled Id</span>:
  <a href="http://jiracore.peapod.com/browse/CS-69200" target="_blank" class="spyglass_jira-id-link">
    CS-69200
  </a><!----><!----></li><li><span class="spyglass_label">Container Id</span>:
  <a href="http://jiracore.peapod.com/browse/CS-69225" target="_blank" class="spyglass_jira-id-link">
    CS-69225
  </a><!----><!----></li><li><span class="spyglass_label">Start Date</span>:
  <!----><!----><span>2019-05-29</span></li><li><span class="spyglass_label">End Date</span>:
  <!----><!----><span>2029-05-30</span></li><li><span class="spyglass_label">Module Type</span>:
  <!----><!----><span>Content: Nav Group</span></li><li><span class="spyglass_label">Site Location</span>:
  <!----><!----><span>footer_mainnav</span></li><li><span class="spyglass_label">Customer Status</span>:
  <!----><!----><span>New Customer,Existing Customer</span></li><li><span class="spyglass_label">Customer Type</span>:
  <!----><!----><span>Consumer,Merchant</span></li></ul><div><h3>Sub-Tasks:</h3><ul><li><ul><li><span class="spyglass_label">Accordion Heading</span>:
  <!----><!----><span></span></li><li><span class="spyglass_label">Subtask Id</span>:
  <a href="http://jiracore.peapod.com/browse/CS-69201" target="_blank" class="spyglass_jira-id-link">
    CS-69201
  </a><!----><!----></li><li><span class="spyglass_label">Module Type</span>:
  <!----><!----><span>Content Module: Accordion</span></li></ul></li><li><ul><li><span class="spyglass_label">SubTask Id</span>:
  <a href="http://jiracore.peapod.com/browse/CS-69202" target="_blank" class="spyglass_jira-id-link">
    CS-69202
  </a><!----><!----></li><li><span class="spyglass_label">Headline Copy</span>:
  <!----><!----><span>Browse Aisles</span></li><li><span class="spyglass_label">Button Link</span>:
  <!----><!----><span></span></li><li><span class="spyglass_label">Button Link Type</span>:
  <!----><!----><span>Internal</span></li><li><span class="spyglass_label">Module Type</span>:
  <!----><!----><span>Content Module: Nav Item</span></li></ul></li><li><ul><li><span class="spyglass_label">SubTask Id</span>:
  <a href="http://jiracore.peapod.com/browse/CS-69203" target="_blank" class="spyglass_jira-id-link">
    CS-69203
  </a><!----><!----></li><li><span class="spyglass_label">Headline Copy</span>:
  <!----><!----><span>Order Genius</span></li><li><span class="spyglass_label">Button Link</span>:
  <!----><!----><span></span></li><li><span class="spyglass_label">Button Link Type</span>:
  <!----><!----><span>Internal</span></li><li><span class="spyglass_label">Module Type</span>:
  <!----><!----><span>Content Module: Nav Item</span></li></ul></li><li><ul><li><span class="spyglass_label">SubTask Id</span>:
  <a href="http://jiracore.peapod.com/browse/CS-69204" target="_blank" class="spyglass_jira-id-link">
    CS-69204
  </a><!----><!----></li><li><span class="spyglass_label">Headline Copy</span>:
  <!----><!----><span>Specials</span></li><li><span class="spyglass_label">Button Link</span>:
  <!----><!----><span></span></li><li><span class="spyglass_label">Button Link Type</span>:
  <!----><!----><span>Internal</span></li><li><span class="spyglass_label">Module Type</span>:
  <!----><!----><span>Content Module: Nav Item</span></li></ul></li><li><ul><li><span class="spyglass_label">SubTask Id</span>:
  <a href="http://jiracore.peapod.com/browse/CS-69205" target="_blank" class="spyglass_jira-id-link">
    CS-69205
  </a><!----><!----></li><li><span class="spyglass_label">Headline Copy</span>:
  <!----><!----><span>Express Shop</span></li><li><span class="spyglass_label">Button Link</span>:
  <!----><!----><span></span></li><li><span class="spyglass_label">Button Link Type</span>:
  <!----><!----><span>Internal</span></li><li><span class="spyglass_label">Module Type</span>:
  <!----><!----><span>Content Module: Nav Item</span></li></ul></li><li><ul><li><span class="spyglass_label">SubTask Id</span>:
  <a href="http://jiracore.peapod.com/browse/CS-69206" target="_blank" class="spyglass_jira-id-link">
    CS-69206
  </a><!----><!----></li><li><span class="spyglass_label">Headline Copy</span>:
  <!----><!----><span>Past Purchases</span></li><li><span class="spyglass_label">Button Link</span>:
  <!----><!----><span></span></li><li><span class="spyglass_label">Button Link Type</span>:
  <!----><!----><span>Internal</span></li><li><span class="spyglass_label">Module Type</span>:
  <!----><!----><span>Content Module: Nav Item</span></li></ul></li><li><ul><li><span class="spyglass_label">SubTask Id</span>:
  <a href="http://jiracore.peapod.com/browse/CS-69207" target="_blank" class="spyglass_jira-id-link">
    CS-69207
  </a><!----><!----></li><li><span class="spyglass_label">Headline Copy</span>:
  <!----><!----><span>Favorites</span></li><li><span class="spyglass_label">Button Link</span>:
  <!----><!----><span></span></li><li><span class="spyglass_label">Button Link Type</span>:
  <!----><!----><span>Internal</span></li><li><span class="spyglass_label">Module Type</span>:
  <!----><!----><span>Content Module: Nav Item</span></li></ul></li><li><ul><li><span class="spyglass_label">Accordion Heading</span>:
  <!----><!----><span>About</span></li><li><span class="spyglass_label">Subtask Id</span>:
  <a href="http://jiracore.peapod.com/browse/CS-69208" target="_blank" class="spyglass_jira-id-link">
    CS-69208
  </a><!----><!----></li><li><span class="spyglass_label">Module Type</span>:
  <!----><!----><span>Content Module: Accordion</span></li></ul></li><li><ul><li><span class="spyglass_label">SubTask Id</span>:
  <a href="http://jiracore.peapod.com/browse/CS-69209" target="_blank" class="spyglass_jira-id-link">
    CS-69209
  </a><!----><!----></li><li><span class="spyglass_label">Headline Copy</span>:
  <!----><!----><span>Our Company</span></li><li><span class="spyglass_label">Button Link</span>:
  <!----><!----><span></span></li><li><span class="spyglass_label">Button Link Type</span>:
  <!----><!----><span>External</span></li><li><span class="spyglass_label">Module Type</span>:
  <!----><!----><span>Content Module: Nav Item</span></li></ul></li><li><ul><li><span class="spyglass_label">SubTask Id</span>:
  <a href="http://jiracore.peapod.com/browse/CS-69210" target="_blank" class="spyglass_jira-id-link">
    CS-69210
  </a><!----><!----></li><li><span class="spyglass_label">Headline Copy</span>:
  <!----><!----><span>News Room</span></li><li><span class="spyglass_label">Button Link</span>:
  <!----><!----><span></span></li><li><span class="spyglass_label">Button Link Type</span>:
  <!----><!----><span>External</span></li><li><span class="spyglass_label">Module Type</span>:
  <!----><!----><span>Content Module: Nav Item</span></li></ul></li><li><ul><li><span class="spyglass_label">SubTask Id</span>:
  <a href="http://jiracore.peapod.com/browse/CS-69211" target="_blank" class="spyglass_jira-id-link">
    CS-69211
  </a><!----><!----></li><li><span class="spyglass_label">Headline Copy</span>:
  <!----><!----><span>Affiliates</span></li><li><span class="spyglass_label">Button Link</span>:
  <!----><!----><span></span></li><li><span class="spyglass_label">Button Link Type</span>:
  <!----><!----><span>External</span></li><li><span class="spyglass_label">Module Type</span>:
  <!----><!----><span>Content Module: Nav Item</span></li></ul></li><li><ul><li><span class="spyglass_label">SubTask Id</span>:
  <a href="http://jiracore.peapod.com/browse/CS-69212" target="_blank" class="spyglass_jira-id-link">
    CS-69212
  </a><!----><!----></li><li><span class="spyglass_label">Headline Copy</span>:
  <!----><!----><span>Accessibility Policy</span></li><li><span class="spyglass_label">Button Link</span>:
  <!----><!----><span></span></li><li><span class="spyglass_label">Button Link Type</span>:
  <!----><!----><span>Internal</span></li><li><span class="spyglass_label">Module Type</span>:
  <!----><!----><span>Content Module: Nav Item</span></li></ul></li><li><ul><li><span class="spyglass_label">Accordion Heading</span>:
  <!----><!----><span>Customer Support</span></li><li><span class="spyglass_label">Subtask Id</span>:
  <a href="http://jiracore.peapod.com/browse/CS-69213" target="_blank" class="spyglass_jira-id-link">
    CS-69213
  </a><!----><!----></li><li><span class="spyglass_label">Module Type</span>:
  <!----><!----><span>Content Module: Accordion</span></li></ul></li><li><ul><li><span class="spyglass_label">SubTask Id</span>:
  <a href="http://jiracore.peapod.com/browse/CS-69214" target="_blank" class="spyglass_jira-id-link">
    CS-69214
  </a><!----><!----></li><li><span class="spyglass_label">Headline Copy</span>:
  <!----><!----><span>Contact Us</span></li><li><span class="spyglass_label">Button Link</span>:
  <!----><!----><span></span></li><li><span class="spyglass_label">Button Link Type</span>:
  <!----><!----><span>Internal</span></li><li><span class="spyglass_label">Module Type</span>:
  <!----><!----><span>Content Module: Nav Item</span></li></ul></li><li><ul><li><span class="spyglass_label">SubTask Id</span>:
  <a href="http://jiracore.peapod.com/browse/CS-69215" target="_blank" class="spyglass_jira-id-link">
    CS-69215
  </a><!----><!----></li><li><span class="spyglass_label">Headline Copy</span>:
  <!----><!----><span>Help</span></li><li><span class="spyglass_label">Button Link</span>:
  <!----><!----><span></span></li><li><span class="spyglass_label">Button Link Type</span>:
  <!----><!----><span>Modal</span></li><li><span class="spyglass_label">Module Type</span>:
  <!----><!----><span>Content Module: Nav Item</span></li></ul></li><li><ul><li><span class="spyglass_label">SubTask Id</span>:
  <a href="http://jiracore.peapod.com/browse/CS-69216" target="_blank" class="spyglass_jira-id-link">
    CS-69216
  </a><!----><!----></li><li><span class="spyglass_label">Headline Copy</span>:
  <!----><!----><span>Refer-a-Friend</span></li><li><span class="spyglass_label">Button Link</span>:
  <!----><!----><span></span></li><li><span class="spyglass_label">Button Link Type</span>:
  <!----><!----><span>External</span></li><li><span class="spyglass_label">Module Type</span>:
  <!----><!----><span>Content Module: Nav Item</span></li></ul></li><li><ul><li><span class="spyglass_label">SubTask Id</span>:
  <a href="http://jiracore.peapod.com/browse/CS-69219" target="_blank" class="spyglass_jira-id-link">
    CS-69219
  </a><!----><!----></li><li><span class="spyglass_label">Headline Copy</span>:
  <!----><!----><span>Give us Feedback</span></li><li><span class="spyglass_label">Button Link</span>:
  <!----><!----><span></span></li><li><span class="spyglass_label">Button Link Type</span>:
  <!----><!----><span>Modal</span></li><li><span class="spyglass_label">Module Type</span>:
  <!----><!----><span>Content Module: Nav Item</span></li></ul></li><li><ul><li><span class="spyglass_label">SubTask Id</span>:
  <a href="http://jiracore.peapod.com/browse/CS-69220" target="_blank" class="spyglass_jira-id-link">
    CS-69220
  </a><!----><!----></li><li><span class="spyglass_label">Headline Copy</span>:
  <!----><!----><span>Notifications</span></li><li><span class="spyglass_label">Button Link</span>:
  <!----><!----><span></span></li><li><span class="spyglass_label">Button Link Type</span>:
  <!----><!----><span>Modal</span></li><li><span class="spyglass_label">Module Type</span>:
  <!----><!----><span>Content Module: Nav Item</span></li></ul></li><li><ul><li><span class="spyglass_label">SubTask Id</span>:
  <a href="http://jiracore.peapod.com/browse/CS-69221" target="_blank" class="spyglass_jira-id-link">
    CS-69221
  </a><!----><!----></li><li><span class="spyglass_label">Headline Copy</span>:
  <!----><!----><span>Product Recalls</span></li><li><span class="spyglass_label">Button Link</span>:
  <!----><!----><span></span></li><li><span class="spyglass_label">Button Link Type</span>:
  <!----><!----><span>External</span></li><li><span class="spyglass_label">Module Type</span>:
  <!----><!----><span>Content Module: Nav Item</span></li></ul></li><li><ul><li><span class="spyglass_label">Accordion Heading</span>:
  <!----><!----><span>Careers</span></li><li><span class="spyglass_label">Subtask Id</span>:
  <a href="http://jiracore.peapod.com/browse/CS-69222" target="_blank" class="spyglass_jira-id-link">
    CS-69222
  </a><!----><!----></li><li><span class="spyglass_label">Module Type</span>:
  <!----><!----><span>Content Module: Accordion</span></li></ul></li><li><ul><li><span class="spyglass_label">SubTask Id</span>:
  <a href="http://jiracore.peapod.com/browse/CS-69223" target="_blank" class="spyglass_jira-id-link">
    CS-69223
  </a><!----><!----></li><li><span class="spyglass_label">Headline Copy</span>:
  <!----><!----><span>Peapod.com Careers</span></li><li><span class="spyglass_label">Button Link</span>:
  <!----><!----><span></span></li><li><span class="spyglass_label">Button Link Type</span>:
  <!----><!----><span>External</span></li><li><span class="spyglass_label">Module Type</span>:
  <!----><!----><span>Content Module: Nav Item</span></li></ul></li><li><ul><li><span class="spyglass_label">SubTask Id</span>:
  <a href="http://jiracore.peapod.com/browse/CS-69224" target="_blank" class="spyglass_jira-id-link">
    CS-69224
  </a><!----><!----></li><li><span class="spyglass_label">Headline Copy</span>:
  <!----><!----><span>Peapod Digital Labs Careers</span></li><li><span class="spyglass_label">Button Link</span>:
  <!----><!----><span></span></li><li><span class="spyglass_label">Button Link Type</span>:
  <!----><!----><span>External</span></li><li><span class="spyglass_label">Module Type</span>:
  <!----><!----><span>Content Module: Nav Item</span></li></ul></li></ul></div></div><div class="spyglass-toggle-tab">
  OPEN INFO
</div></div><div id="site-footer_robot-col-id-1" class="site-footer_tablet-column-wrapper"><div class="site-footer_parent-link-wrapper"><a href="https://www.peapod.com/" aria-label="footer browse aisles" class="site-footer_link--bolded">
  Browse Aisles
</a></div><div class="site-footer_parent-link-wrapper"><a href="https://www.peapod.com/" aria-label="footer order genius" class="site-footer_link--bolded">
  Order Genius
</a></div><div class="site-footer_parent-link-wrapper"><a href="https://www.peapod.com/" aria-label="footer specials" class="site-footer_link--bolded">
  Specials
</a></div><div class="site-footer_parent-link-wrapper"><a href="https://www.peapod.com/" aria-label="footer express shop" class="site-footer_link--bolded">
  Express Shop
</a></div><div class="site-footer_parent-link-wrapper"><a href="https://www.peapod.com/" aria-label="footer past purchases" class="site-footer_link--bolded">
  Past Purchases
</a></div><div class="site-footer_parent-link-wrapper"><a href="https://www.peapod.com/" aria-label="footer favorites" class="site-footer_link--bolded">
  Favorites
</a></div><div class="site-footer_parent-link-wrapper"><a href="https://www.peapod.com/" aria-label="footer delivery / pick-up times" class="site-footer_link--bolded">
  Delivery / Pick-up Times
</a></div></div><div class="site-footer_tablet-column-wrapper"><div id="site-footer_robot-col-id-2"><div><div class="accordion-list"><div class="accordion-list_parent-bar"><a class="accordion-list_parent">About</a></div><div><ul class="accordion-list_child-link-list--is-expanded"><li class="accordion-list_child"><a target="_blank" href="http://about.peapod.com/our-company/our-mission/" aria-label="footer our company" class="accordion-list_child-link">
  Our Company
</a></li><li class="accordion-list_child"><a target="_blank" href="https://about.peapod.com/" aria-label="footer news room" class="accordion-list_child-link">
  News Room
</a></li><li class="accordion-list_child"><a target="_blank" href="https://about.peapod.com/news-room/information-for-affiliates" aria-label="footer affiliates" class="accordion-list_child-link">
  Affiliates
</a></li><li class="accordion-list_child"><a href="https://www.peapod.com/" aria-label="footer accessibility policy" class="accordion-list_child-link">
  Accessibility Policy
</a></li></ul></div></div></div></div><div id="site-footer_robot-col-id-3"><div><div class="accordion-list"><div class="accordion-list_parent-bar"><a class="accordion-list_parent">Careers</a></div><div><ul class="accordion-list_child-link-list--is-expanded"><li class="accordion-list_child"><a target="_blank" href="http://www.peapod.com/careers" aria-label="footer peapod.com careers" class="accordion-list_child-link">
  Peapod.com Careers
</a></li><li class="accordion-list_child"><a target="_blank" href="https://recruiting.ultipro.com/PEA1003/JobBoard/f8342265-effc-41bd-8d99-c73f65cf663b/?q=&amp;o=postedDateDesc&amp;w=&amp;wc=&amp;we=&amp;wpst=" aria-label="footer peapod digital labs careers" class="accordion-list_child-link">
  Peapod Digital Labs Careers
</a></li></ul></div></div></div></div></div><div class="site-footer_tablet-column-wrapper"><div class="accordion-list"><div class="accordion-list_parent-bar"><a class="accordion-list_parent">Customer Support</a></div><div><ul class="accordion-list_child-link-list--is-expanded"><li class="accordion-list_child"><a href="https://www.peapod.com/" aria-label="footer contact us" class="accordion-list_child-link">
  Contact Us
</a></li><li class="accordion-list_child"><a href="https://www.peapod.com/" aria-label="footer help" class="accordion-list_child-link">
  Help
</a></li><li class="accordion-list_child"><a target="_blank" href="https://peapod.extole.com/organic-20-10?f=Guest" aria-label="footer refer-a-friend" class="accordion-list_child-link">
  Refer-a-Friend
</a></li><li class="accordion-list_child"><a href="https://www.peapod.com/" aria-label="footer give us feedback" class="accordion-list_child-link">
  Give us Feedback
</a></li><li class="accordion-list_child"><a href="https://www.peapod.com/" aria-label="footer notifications" class="accordion-list_child-link">
  Notifications
</a></li><li class="accordion-list_child"><a target="_blank" href="https://stopandshop.com/recalls/" aria-label="footer product recalls" class="accordion-list_child-link">
  Product Recalls
</a></li></ul></div></div></div></div><div class="social-media-callouts spyglass-nav-group_wrapper"><div style="display: none;"><div class="spyglass_container spyglass_container--nav-group-type" style="display: none;"><h3>Container/Scheduler</h3><ul><li><span class="spyglass_label">Container Id</span>:
  <a href="http://jiracore.peapod.com/browse/CS-69235" target="_blank" class="spyglass_jira-id-link">
    CS-69235
  </a><!----><!----></li><li><span class="spyglass_label">Scheduled Id</span>:
  <a href="http://jiracore.peapod.com/browse/CS-69227" target="_blank" class="spyglass_jira-id-link">
    CS-69227
  </a><!----><!----></li><li><span class="spyglass_label">Start Date</span>:
  <!----><!----><span>2019-05-29</span></li><li><span class="spyglass_label">End Date</span>:
  <!----><!----><span>2029-05-30</span></li><li><span class="spyglass_label">Module Type</span>:
  <!----><!----><span>Content: Nav Group</span></li><li><span class="spyglass_label">Site Location</span>:
  <!----><!----><span>footer_socialnav</span></li><li><span class="spyglass_label">Customer Status</span>:
  <!----><!----><span>New Customer,Existing Customer</span></li><li><span class="spyglass_label">Customer Type</span>:
  <!----><!----><span>Consumer,Merchant</span></li></ul><div><h3>Sub-Tasks:</h3><ul><li><ul><li><span class="spyglass_label">Headline</span>:
  <!----><!----><span>Pinterest</span></li><li><span class="spyglass_label">Subtask Id</span>:
  <a href="http://jiracore.peapod.com/browse/CS-69229" target="_blank" class="spyglass_jira-id-link">
    CS-69229
  </a><!----><!----></li><li><span class="spyglass_label">Button Link</span>:
  <!----><a href="https://www.pinterest.com/peapoddelivers" target="_blank">
    https://www.pinterest.com/peapoddelivers
  </a><!----></li><li><span class="spyglass_label">SVG Id</span>:
  <!----><!----><span>Pinterest</span></li><li><span class="spyglass_label">Link Type</span>:
  <!----><!----><span>External</span></li></ul></li><li><ul><li><span class="spyglass_label">Headline</span>:
  <!----><!----><span>Facebook</span></li><li><span class="spyglass_label">Subtask Id</span>:
  <a href="http://jiracore.peapod.com/browse/CS-69230" target="_blank" class="spyglass_jira-id-link">
    CS-69230
  </a><!----><!----></li><li><span class="spyglass_label">Button Link</span>:
  <!----><a href="https://www.facebook.com/PeapodDelivers" target="_blank">
    https://www.facebook.com/PeapodDelivers
  </a><!----></li><li><span class="spyglass_label">SVG Id</span>:
  <!----><!----><span>Facebook</span></li><li><span class="spyglass_label">Link Type</span>:
  <!----><!----><span>External</span></li></ul></li><li><ul><li><span class="spyglass_label">Headline</span>:
  <!----><!----><span>Instagram</span></li><li><span class="spyglass_label">Subtask Id</span>:
  <a href="http://jiracore.peapod.com/browse/CS-69231" target="_blank" class="spyglass_jira-id-link">
    CS-69231
  </a><!----><!----></li><li><span class="spyglass_label">Button Link</span>:
  <!----><a href="https://instagram.com/peapoddelivers" target="_blank">
    https://instagram.com/peapoddelivers
  </a><!----></li><li><span class="spyglass_label">SVG Id</span>:
  <!----><!----><span>Instagram</span></li><li><span class="spyglass_label">Link Type</span>:
  <!----><!----><span>External</span></li></ul></li><li><ul><li><span class="spyglass_label">Headline</span>:
  <!----><!----><span>Twitter</span></li><li><span class="spyglass_label">Subtask Id</span>:
  <a href="http://jiracore.peapod.com/browse/CS-69233" target="_blank" class="spyglass_jira-id-link">
    CS-69233
  </a><!----><!----></li><li><span class="spyglass_label">Button Link</span>:
  <!----><a href="https://twitter.com/PeapodDelivers" target="_blank">
    https://twitter.com/PeapodDelivers
  </a><!----></li><li><span class="spyglass_label">SVG Id</span>:
  <!----><!----><span>Twitter</span></li><li><span class="spyglass_label">Link Type</span>:
  <!----><!----><span>External</span></li></ul></li><li><ul><li><span class="spyglass_label">Headline</span>:
  <!----><!----><span>Youtube</span></li><li><span class="spyglass_label">Subtask Id</span>:
  <a href="http://jiracore.peapod.com/browse/CS-69234" target="_blank" class="spyglass_jira-id-link">
    CS-69234
  </a><!----><!----></li><li><span class="spyglass_label">Button Link</span>:
  <!----><a href="https://www.youtube.com/user/peapoddelivery" target="_blank">
    https://www.youtube.com/user/peapoddelivery
  </a><!----></li><li><span class="spyglass_label">SVG Id</span>:
  <!----><!----><span>Youtube</span></li><li><span class="spyglass_label">Link Type</span>:
  <!----><!----><span>External</span></li></ul></li></ul></div></div><div class="spyglass-toggle-tab">
  OPEN INFO
</div></div><a target="_blank" href="https://www.pinterest.com/peapoddelivers" aria-label="Our Pinterest"><div class="vector-icon-size--medium"><svg xmlns="http://www.w3.org/2000/svg" aria-label="Pinterest" viewBox="0 0 30 30" role="presentation" aria-hidden="true" focusable="false" class=""><title lang="en">
      Pinterest
    </title><desc></desc><g fill="" stroke=""><!----><path fill="#567a1f" d="M0 9.328c0-5.766 5.281-9.328 10.625-9.328 4.906 0 9.375 3.375 9.375 8.547 0 4.859-2.484 10.25-8.016 10.25-1.313 0-2.969-0.656-3.609-1.875-1.188 4.703-1.094 5.406-3.719 9l-0.219 0.078-0.141-0.156c-0.094-0.984-0.234-1.953-0.234-2.938 0-3.187 1.469-7.797 2.188-10.891-0.391-0.797-0.5-1.766-0.5-2.641 0-1.578 1.094-3.578 2.875-3.578 1.313 0 2.016 1 2.016 2.234 0 2.031-1.375 3.938-1.375 5.906 0 1.344 1.109 2.281 2.406 2.281 3.594 0 4.703-5.187 4.703-7.953 0-3.703-2.625-5.719-6.172-5.719-4.125 0-7.313 2.969-7.313 7.156 0 2.016 1.234 3.047 1.234 3.531 0 0.406-0.297 1.844-0.812 1.844-0.078 0-0.187-0.031-0.266-0.047-2.234-0.672-3.047-3.656-3.047-5.703z"></path><!----><!----><!----></g></svg></div></a><a target="_blank" href="https://www.facebook.com/PeapodDelivers" aria-label="Our Facebook"><div class="vector-icon-size--medium"><svg xmlns="http://www.w3.org/2000/svg" aria-label="Facebook" viewBox="0 0 30 30" role="presentation" aria-hidden="true" focusable="false" class=""><title lang="en">
      Facebook
    </title><desc></desc><g fill="" stroke=""><path fill="#567a1f" d="M16.625 5.25h4.375v-5.25h-4.375c-3.377 0-6.125 2.748-6.125 6.125v2.625h-3.5v5.25h3.5v14h5.25v-14h4.375l0.875-5.25h-5.25v-2.625c0-0.474 0.401-0.875 0.875-0.875z"></path><!----><!----><!----><!----></g></svg></div></a><a target="_blank" href="https://instagram.com/peapoddelivers" aria-label="Our Instagram"><div class="vector-icon-size--medium"><svg xmlns="http://www.w3.org/2000/svg" aria-label="Instagram" viewBox="0 0 30 30" role="presentation" aria-hidden="true" focusable="false" class=""><title lang="en">
      Instagram
    </title><desc></desc><g fill="" stroke=""><!----><!----><g><path fill="#567a1f" d="M14 2.521c3.741 0 4.184 0.016 5.655 0.082 1.367 0.060 2.105 0.29 2.598 0.481 0.651 0.252 1.121 0.558 1.608 1.045 0.492 0.492 0.793 0.957 1.050 1.608 0.191 0.492 0.421 1.236 0.481 2.598 0.066 1.477 0.082 1.92 0.082 5.655s-0.016 4.184-0.082 5.655c-0.060 1.367-0.29 2.105-0.481 2.598-0.252 0.651-0.558 1.121-1.045 1.608-0.492 0.492-0.957 0.793-1.608 1.050-0.492 0.191-1.236 0.421-2.598 0.481-1.477 0.066-1.92 0.082-5.655 0.082s-4.184-0.016-5.655-0.082c-1.367-0.060-2.105-0.29-2.598-0.481-0.651-0.252-1.121-0.558-1.608-1.045-0.492-0.492-0.793-0.957-1.050-1.608-0.191-0.492-0.421-1.236-0.481-2.598-0.066-1.477-0.082-1.92-0.082-5.655s0.016-4.184 0.082-5.655c0.060-1.367 0.29-2.105 0.481-2.598 0.252-0.651 0.558-1.121 1.045-1.608 0.492-0.492 0.957-0.793 1.608-1.050 0.492-0.191 1.236-0.421 2.598-0.481 1.471-0.066 1.914-0.082 5.655-0.082zM14 0c-3.801 0-4.277 0.016-5.77 0.082-1.487 0.066-2.51 0.306-3.396 0.651-0.924 0.361-1.706 0.837-2.483 1.619-0.782 0.777-1.258 1.559-1.619 2.477-0.345 0.891-0.585 1.909-0.651 3.396-0.066 1.498-0.082 1.974-0.082 5.775s0.016 4.277 0.082 5.77c0.066 1.488 0.306 2.51 0.651 3.396 0.361 0.924 0.837 1.706 1.619 2.483 0.777 0.777 1.559 1.258 2.477 1.613 0.891 0.345 1.909 0.585 3.396 0.651 1.493 0.066 1.969 0.082 5.77 0.082s4.277-0.016 5.77-0.082c1.488-0.066 2.51-0.306 3.396-0.651 0.919-0.355 1.701-0.837 2.477-1.613s1.258-1.559 1.613-2.477c0.345-0.891 0.585-1.909 0.651-3.396 0.066-1.493 0.082-1.969 0.082-5.77s-0.016-4.277-0.082-5.77c-0.066-1.488-0.306-2.51-0.651-3.396-0.345-0.93-0.82-1.712-1.602-2.488-0.777-0.777-1.559-1.258-2.477-1.613-0.891-0.345-1.909-0.585-3.396-0.651-1.498-0.071-1.974-0.088-5.775-0.088v0z"></path><path fill="#567a1f" d="M14 6.809c-3.97 0-7.191 3.221-7.191 7.191s3.221 7.191 7.191 7.191 7.191-3.221 7.191-7.191c0-3.97-3.221-7.191-7.191-7.191zM14 18.665c-2.576 0-4.665-2.089-4.665-4.665s2.089-4.665 4.665-4.665c2.576 0 4.665 2.089 4.665 4.665s-2.089 4.665-4.665 4.665z"></path><path fill="#567a1f" d="M23.155 6.524c0 0.927-0.752 1.679-1.679 1.679s-1.679-0.752-1.679-1.679c0-0.927 0.752-1.679 1.679-1.679s1.679 0.752 1.679 1.679z"></path></g><!----><!----></g></svg></div></a><a target="_blank" href="https://twitter.com/PeapodDelivers" aria-label="Our Twitter"><div class="vector-icon-size--medium"><svg xmlns="http://www.w3.org/2000/svg" aria-label="Twitter" viewBox="0 0 30 30" role="presentation" aria-hidden="true" focusable="false" class=""><title lang="en">
      Twitter
    </title><desc></desc><g fill="" stroke=""><!----><!----><!----><path fill="#567a1f" d="M32 6.118c-1.098 0.5-2.372 0.864-3.707 1.028 1.294-0.816 2.315-2.078 2.81-3.579-1.187 0.678-2.583 1.231-4.071 1.532-1.286-1.26-2.985-2.053-4.87-2.053-3.629 0-6.572 2.942-6.572 6.572 0 0.526 0.062 1.038 0.179 1.529-5.478-0.327-10.289-2.926-13.514-6.871-0.585 0.913-0.915 2.051-0.915 3.267 0 2.268 1.149 4.269 2.897 5.45-1.074-0.021-2.093-0.321-2.983-0.823 0.033 0.044 0.033 0.072 0.033 0.1 0.001 3.166 2.241 5.809 5.223 6.43-0.475 0.154-1.069 0.238-1.683 0.238-0.438 0-0.867-0.043-1.281-0.125 0.906 2.636 3.314 4.511 6.168 4.566-2.21 1.752-5.044 2.81-8.126 2.81-0.007 0-0.015 0-0.022-0-0 0-0.002 0-0.004 0-0.55 0-1.093-0.033-1.625-0.098 2.904 1.856 6.378 2.956 10.11 2.956 0.006 0 0.013 0 0.019 0 12.075 0 18.678-10.004 18.678-18.679q0-0.427-0.019-0.849c1.29-0.94 2.377-2.066 3.246-3.352z"></path><!----></g></svg></div></a><a target="_blank" href="https://www.youtube.com/user/peapoddelivery" aria-label="Our Youtube"><div class="vector-icon-size--medium"><svg xmlns="http://www.w3.org/2000/svg" aria-label="Youtube" viewBox="0 0 32 30" role="presentation" aria-hidden="true" focusable="false" class=""><title lang="en">
      Youtube
    </title><desc></desc><g fill="" stroke=""><!----><!----><!----><!----><path fill="#567a1f" d="M31.68 9.655s-0.313-2.205-1.272-3.176c-1.216-1.275-2.581-1.28-3.206-1.356-4.477-0.324-11.195-0.324-11.195-0.324h-0.014s-6.717 0-11.195 0.324c-0.626 0.075-1.989 0.081-3.206 1.356-0.959 0.971-1.272 3.176-1.272 3.176-0.189 1.539-0.305 3.336-0.32 5.158l-0 2.449c0.015 1.843 0.131 3.64 0.342 5.409s0.29 1.975 1.249 2.947c1.216 1.275 2.816 1.234 3.528 1.368 2.56 0.245 10.88 0.32 10.88 0.32s6.724-0.010 11.202-0.334c0.626-0.075 1.989-0.081 3.206-1.356 0.96-0.971 1.272-3.176 1.272-3.176 0.189-1.539 0.305-3.336 0.32-5.158l0-2.447c-0.016-1.843-0.132-3.641-0.343-5.409zM12.696 20.204v-8.992l8.646 4.512z"></path></g></svg></div></a></div><div class="app-callouts"><div class="app-callouts_icon-wrapper"><a href="itms://itunes.apple.com/us/app/peapod/id386315393?mt=8" role="button" aria-label="Apple App Store"><div class=""><svg xmlns="http://www.w3.org/2000/svg" aria-label="Apple Store" viewBox="0 0 108 32" role="presentation" aria-hidden="true" focusable="false" class=""><title lang="en">
      Apple Store
    </title><desc></desc><g fill="" stroke=""><g><path fill="#a6a6a6" d="M104.158 32h-100.374c-2.086 0-3.783-1.702-3.783-3.786v-24.433c0-2.085 1.698-3.781 3.783-3.781h100.374c2.085 0 3.842 1.696 3.842 3.781v24.433c0 2.084-1.758 3.786-3.842 3.786v0 0z"></path><path fill="#000" d="M107.226 28.214c0 1.693-1.371 3.064-3.067 3.064h-100.375c-1.695 0-3.071-1.371-3.071-3.064v-24.434c0-1.692 1.376-3.068 3.071-3.068h100.374c1.697 0 3.067 1.376 3.067 3.068l0.001 24.434z"></path><path fill="#fff" d="M24.102 15.827c-0.023-2.578 2.111-3.833 2.209-3.891-1.209-1.762-3.082-2.003-3.741-2.022-1.574-0.166-3.1 0.942-3.902 0.942-0.818 0-2.052-0.926-3.382-0.898-1.712 0.026-3.314 1.018-4.192 2.557-1.813 3.138-0.461 7.75 1.276 10.287 0.869 1.242 1.884 2.63 3.213 2.581 1.3-0.054 1.786-0.829 3.354-0.829 1.554 0 2.010 0.829 3.366 0.798 1.395-0.022 2.274-1.248 3.112-2.502 1.004-1.424 1.407-2.826 1.423-2.898-0.033-0.011-2.71-1.033-2.736-4.123v0z"></path><path fill="#fff" d="M21.542 8.245c0.699-0.874 1.178-2.064 1.045-3.271-1.012 0.045-2.278 0.7-3.006 1.555-0.645 0.754-1.221 1.989-1.072 3.15 1.137 0.085 2.304-0.574 3.034-1.434v0z"></path><path fill="#fff" d="M42.916 25.203h-1.817l-0.995-3.127h-3.459l-0.948 3.127h-1.769l3.427-10.646h2.117l3.444 10.646zM39.804 20.764l-0.9-2.78c-0.095-0.284-0.274-0.953-0.537-2.006h-0.032c-0.105 0.453-0.274 1.122-0.506 2.006l-0.884 2.78h2.858z"></path><path fill="#fff" d="M51.73 21.27c0 1.306-0.353 2.338-1.058 3.095-0.632 0.674-1.417 1.011-2.354 1.011-1.011 0-1.738-0.363-2.18-1.090h-0.032v4.044h-1.706v-8.278c0-0.821-0.022-1.663-0.063-2.527h1.5l0.095 1.217h0.032c0.569-0.917 1.432-1.374 2.59-1.374 0.906 0 1.662 0.358 2.266 1.074 0.606 0.717 0.909 1.659 0.909 2.828v0zM49.992 21.333c0-0.747-0.168-1.363-0.506-1.848-0.369-0.506-0.864-0.758-1.485-0.758-0.421 0-0.803 0.141-1.145 0.418-0.342 0.28-0.566 0.646-0.671 1.098-0.053 0.211-0.079 0.384-0.079 0.52v1.28c0 0.558 0.171 1.030 0.514 1.414s0.787 0.577 1.334 0.577c0.642 0 1.142-0.248 1.5-0.742s0.538-1.148 0.538-1.959v0z"></path><path fill="#fff" d="M60.559 21.27c0 1.306-0.353 2.338-1.059 3.095-0.631 0.674-1.416 1.011-2.353 1.011-1.011 0-1.738-0.363-2.179-1.090h-0.032v4.044h-1.706v-8.278c0-0.821-0.022-1.663-0.063-2.527h1.5l0.095 1.217h0.032c0.568-0.917 1.431-1.374 2.59-1.374 0.905 0 1.661 0.358 2.267 1.074 0.604 0.717 0.907 1.659 0.907 2.828v0zM58.822 21.333c0-0.747-0.169-1.363-0.506-1.848-0.369-0.506-0.862-0.758-1.484-0.758-0.422 0-0.803 0.141-1.146 0.418-0.342 0.28-0.566 0.646-0.67 1.098-0.052 0.211-0.079 0.384-0.079 0.52v1.28c0 0.558 0.171 1.030 0.512 1.414 0.342 0.384 0.787 0.577 1.336 0.577 0.642 0 1.142-0.248 1.5-0.742s0.538-1.148 0.538-1.959v0z"></path><path fill="#fff" d="M70.431 22.218c0 0.906-0.314 1.642-0.946 2.211-0.694 0.622-1.659 0.932-2.9 0.932-1.146 0-2.064-0.221-2.759-0.663l0.395-1.422c0.749 0.453 1.57 0.68 2.466 0.68 0.642 0 1.142-0.146 1.502-0.435 0.358-0.29 0.536-0.678 0.536-1.163 0-0.432-0.147-0.796-0.442-1.091-0.294-0.295-0.784-0.57-1.469-0.823-1.864-0.695-2.795-1.714-2.795-3.053 0-0.875 0.326-1.593 0.98-2.151 0.651-0.559 1.52-0.838 2.606-0.838 0.969 0 1.774 0.169 2.416 0.506l-0.426 1.39c-0.6-0.326-1.278-0.49-2.038-0.49-0.6 0-1.069 0.148-1.405 0.442-0.284 0.263-0.426 0.584-0.426 0.964 0 0.421 0.162 0.769 0.489 1.042 0.284 0.253 0.8 0.526 1.549 0.822 0.916 0.369 1.589 0.8 2.022 1.294 0.431 0.493 0.646 1.11 0.646 1.846v0z"></path><path fill="#fff" d="M76.070 18.806h-1.88v3.727c0 0.948 0.331 1.422 0.995 1.422 0.305 0 0.558-0.026 0.758-0.079l0.047 1.295c-0.336 0.126-0.778 0.189-1.326 0.189-0.674 0-1.2-0.206-1.58-0.616-0.378-0.411-0.569-1.101-0.569-2.070v-3.87h-1.12v-1.28h1.12v-1.406l1.675-0.506v1.911h1.88v1.282z"></path><path fill="#fff" d="M84.553 21.302c0 1.18-0.338 2.149-1.011 2.906-0.706 0.78-1.644 1.169-2.813 1.169-1.126 0-2.023-0.374-2.692-1.121s-1.003-1.69-1.003-2.827c0-1.19 0.344-2.164 1.034-2.922 0.689-0.758 1.618-1.138 2.787-1.138 1.126 0 2.033 0.374 2.717 1.122 0.654 0.726 0.981 1.662 0.981 2.81v0zM82.783 21.357c0-0.708-0.151-1.315-0.458-1.822-0.358-0.613-0.869-0.918-1.531-0.918-0.686 0-1.206 0.306-1.564 0.918-0.306 0.507-0.458 1.124-0.458 1.854 0 0.708 0.151 1.315 0.458 1.821 0.369 0.613 0.884 0.918 1.549 0.918 0.651 0 1.162-0.312 1.531-0.934 0.314-0.516 0.473-1.13 0.473-1.837v0z"></path><path fill="#fff" d="M90.097 19.026c-0.169-0.031-0.349-0.047-0.538-0.047-0.6 0-1.064 0.226-1.39 0.68-0.284 0.4-0.426 0.906-0.426 1.516v4.028h-1.705l0.016-5.259c0-0.885-0.022-1.69-0.064-2.417h1.486l0.062 1.469h0.047c0.18-0.505 0.464-0.911 0.853-1.216 0.38-0.274 0.79-0.411 1.233-0.411 0.158 0 0.3 0.011 0.426 0.031v1.626z"></path><path fill="#fff" d="M97.725 21.002c0 0.306-0.020 0.563-0.062 0.774h-5.117c0.020 0.758 0.267 1.338 0.742 1.738 0.431 0.358 0.989 0.537 1.674 0.537 0.758 0 1.449-0.121 2.070-0.363l0.267 1.184c-0.726 0.317-1.584 0.474-2.574 0.474-1.19 0-2.125-0.35-2.805-1.050-0.678-0.7-1.018-1.64-1.018-2.819 0-1.158 0.316-2.122 0.949-2.89 0.662-0.821 1.558-1.231 2.684-1.231 1.106 0 1.944 0.41 2.513 1.231 0.45 0.652 0.677 1.458 0.677 2.416v0zM96.098 20.559c0.011-0.506-0.1-0.942-0.331-1.311-0.295-0.474-0.749-0.711-1.359-0.711-0.558 0-1.011 0.231-1.358 0.695-0.284 0.369-0.453 0.811-0.505 1.326l3.553 0.001z"></path><path fill="#fff" d="M39.24 8.007c0 0.942-0.282 1.65-0.846 2.126-0.522 0.439-1.265 0.659-2.226 0.659-0.477 0-0.885-0.021-1.226-0.062v-5.145c0.446-0.072 0.926-0.109 1.444-0.109 0.916 0 1.606 0.199 2.072 0.598 0.522 0.45 0.783 1.094 0.783 1.933v0zM38.356 8.030c0-0.61-0.162-1.078-0.485-1.405s-0.795-0.489-1.417-0.489c-0.264 0-0.489 0.018-0.675 0.054v3.911c0.103 0.016 0.292 0.023 0.566 0.023 0.642 0 1.137-0.178 1.486-0.535s0.525-0.877 0.525-1.56v0z"></path><path fill="#fff" d="M43.927 8.83c0 0.58-0.166 1.055-0.497 1.428-0.347 0.383-0.807 0.574-1.382 0.574-0.554 0-0.994-0.183-1.323-0.551s-0.492-0.83-0.492-1.389c0-0.584 0.169-1.063 0.508-1.435s0.795-0.558 1.37-0.558c0.554 0 0.998 0.183 1.335 0.55 0.32 0.357 0.481 0.818 0.481 1.381v0zM43.058 8.857c0-0.348-0.075-0.646-0.225-0.895-0.176-0.301-0.426-0.451-0.752-0.451-0.337 0-0.593 0.15-0.769 0.451-0.15 0.249-0.225 0.552-0.225 0.91 0 0.348 0.075 0.646 0.225 0.895 0.182 0.301 0.434 0.451 0.761 0.451 0.32 0 0.571-0.153 0.752-0.459 0.155-0.254 0.233-0.554 0.233-0.902v0z"></path><path fill="#fff" d="M50.212 6.975l-1.18 3.771h-0.768l-0.489-1.638c-0.124-0.409-0.225-0.815-0.303-1.218h-0.015c-0.073 0.414-0.174 0.82-0.303 1.218l-0.519 1.638h-0.777l-1.11-3.771h0.862l0.426 1.793c0.103 0.424 0.188 0.828 0.256 1.21h0.015c0.062-0.315 0.166-0.717 0.311-1.202l0.535-1.8h0.683l0.513 1.762c0.124 0.43 0.225 0.843 0.302 1.242h0.023c0.057-0.388 0.142-0.802 0.256-1.242l0.458-1.762 0.823-0.001z"></path><path fill="#fff" d="M54.558 10.746h-0.838v-2.16c0-0.666-0.253-0.998-0.76-0.998-0.249 0-0.45 0.091-0.606 0.274-0.154 0.183-0.233 0.399-0.233 0.646v2.237h-0.838v-2.693c0-0.331-0.010-0.69-0.030-1.079h0.737l0.039 0.59h0.023c0.098-0.183 0.243-0.334 0.434-0.455 0.227-0.141 0.482-0.212 0.76-0.212 0.352 0 0.645 0.114 0.878 0.342 0.29 0.279 0.434 0.696 0.434 1.25v2.259z"></path><path fill="#fff" d="M56.87 10.746h-0.838v-5.502h0.838z"></path><path fill="#fff" d="M61.806 8.83c0 0.58-0.166 1.055-0.497 1.428-0.347 0.383-0.808 0.574-1.382 0.574-0.554 0-0.995-0.183-1.323-0.551s-0.492-0.83-0.492-1.389c0-0.584 0.169-1.063 0.508-1.435s0.795-0.558 1.369-0.558c0.554 0 0.998 0.183 1.336 0.55 0.32 0.357 0.481 0.818 0.481 1.381v0zM60.936 8.857c0-0.348-0.075-0.646-0.225-0.895-0.175-0.301-0.426-0.451-0.751-0.451-0.338 0-0.594 0.15-0.769 0.451-0.15 0.249-0.225 0.552-0.225 0.91 0 0.348 0.075 0.646 0.225 0.895 0.182 0.301 0.434 0.451 0.761 0.451 0.32 0 0.57-0.153 0.751-0.459 0.156-0.254 0.233-0.554 0.233-0.902v0z"></path><path fill="#fff" d="M65.864 10.746h-0.753l-0.062-0.434h-0.023c-0.258 0.346-0.625 0.52-1.102 0.52-0.356 0-0.644-0.114-0.861-0.342-0.197-0.206-0.295-0.463-0.295-0.768 0-0.461 0.192-0.812 0.578-1.055s0.928-0.362 1.626-0.357v-0.070c0-0.497-0.261-0.745-0.783-0.745-0.372 0-0.7 0.094-0.983 0.279l-0.17-0.55c0.35-0.217 0.783-0.326 1.294-0.326 0.986 0 1.48 0.52 1.48 1.56v1.389c0 0.377 0.018 0.677 0.054 0.899v0zM64.994 9.45v-0.582c-0.925-0.016-1.387 0.238-1.387 0.76 0 0.197 0.053 0.344 0.161 0.442s0.246 0.147 0.41 0.147c0.184 0 0.356-0.058 0.513-0.174s0.254-0.265 0.29-0.446c0.009-0.041 0.014-0.090 0.014-0.147v0z"></path><path fill="#fff" d="M70.628 10.746h-0.744l-0.039-0.606h-0.023c-0.238 0.461-0.642 0.691-1.211 0.691-0.454 0-0.833-0.178-1.133-0.535s-0.45-0.82-0.45-1.389c0-0.61 0.162-1.105 0.489-1.482 0.316-0.352 0.703-0.528 1.164-0.528 0.506 0 0.861 0.17 1.062 0.512h0.016v-2.165h0.839v4.486c0 0.367 0.010 0.706 0.030 1.016v0zM69.759 9.156v-0.629c0-0.109-0.008-0.197-0.023-0.264-0.047-0.202-0.149-0.371-0.303-0.508-0.156-0.137-0.344-0.206-0.561-0.206-0.313 0-0.558 0.124-0.738 0.373-0.178 0.249-0.269 0.566-0.269 0.954 0 0.373 0.086 0.675 0.258 0.908 0.182 0.248 0.426 0.372 0.733 0.372 0.275 0 0.495-0.103 0.662-0.31 0.162-0.191 0.241-0.422 0.241-0.69v0z"></path><path fill="#fff" d="M77.798 8.83c0 0.58-0.166 1.055-0.497 1.428-0.347 0.383-0.806 0.574-1.382 0.574-0.553 0-0.994-0.183-1.323-0.551-0.328-0.367-0.492-0.83-0.492-1.389 0-0.584 0.169-1.063 0.508-1.435s0.795-0.558 1.37-0.558c0.553 0 0.998 0.183 1.334 0.55 0.32 0.357 0.481 0.818 0.481 1.381v0zM76.93 8.857c0-0.348-0.075-0.646-0.225-0.895-0.177-0.301-0.426-0.451-0.753-0.451-0.336 0-0.592 0.15-0.769 0.451-0.15 0.249-0.225 0.552-0.225 0.91 0 0.348 0.075 0.646 0.225 0.895 0.182 0.301 0.434 0.451 0.761 0.451 0.32 0 0.572-0.153 0.753-0.459 0.154-0.254 0.233-0.554 0.233-0.902v0z"></path><path fill="#fff" d="M82.306 10.746h-0.838v-2.16c0-0.666-0.253-0.998-0.761-0.998-0.249 0-0.45 0.091-0.605 0.274s-0.233 0.399-0.233 0.646v2.237h-0.839v-2.693c0-0.331-0.010-0.69-0.030-1.079h0.736l0.039 0.59h0.023c0.098-0.183 0.244-0.334 0.434-0.455 0.228-0.141 0.482-0.212 0.761-0.212 0.351 0 0.644 0.114 0.877 0.342 0.29 0.279 0.434 0.696 0.434 1.25v2.259z"></path><path fill="#fff" d="M87.949 7.603h-0.923v1.832c0 0.466 0.164 0.698 0.489 0.698 0.15 0 0.275-0.013 0.374-0.039l0.022 0.636c-0.166 0.062-0.383 0.094-0.651 0.094-0.331 0-0.589-0.101-0.775-0.302s-0.28-0.541-0.28-1.017v-1.902h-0.551v-0.628h0.551v-0.691l0.822-0.248v0.938h0.923v0.629h0.001z"></path><path fill="#fff" d="M92.387 10.746h-0.839v-2.144c0-0.676-0.253-1.014-0.759-1.014-0.389 0-0.654 0.196-0.8 0.588-0.025 0.082-0.039 0.183-0.039 0.302v2.268h-0.838v-5.501h0.838v2.273h0.016c0.264-0.414 0.642-0.62 1.133-0.62 0.347 0 0.634 0.114 0.862 0.342 0.284 0.284 0.426 0.706 0.426 1.265v2.242z"></path><path fill="#fff" d="M96.966 8.682c0 0.15-0.011 0.277-0.031 0.38h-2.514c0.011 0.373 0.131 0.657 0.364 0.854 0.213 0.176 0.487 0.264 0.823 0.264 0.372 0 0.711-0.059 1.017-0.178l0.131 0.582c-0.358 0.155-0.778 0.233-1.266 0.233-0.584 0-1.044-0.172-1.377-0.516-0.334-0.344-0.5-0.806-0.5-1.385 0-0.569 0.154-1.042 0.466-1.42 0.325-0.403 0.764-0.605 1.318-0.605 0.542 0 0.954 0.202 1.233 0.605 0.225 0.32 0.336 0.716 0.336 1.186v0zM96.166 8.466c0.006-0.249-0.049-0.463-0.162-0.644-0.146-0.233-0.367-0.35-0.667-0.35-0.274 0-0.497 0.114-0.667 0.342-0.139 0.182-0.222 0.398-0.249 0.652h1.746z"></path></g></g></svg></div></a></div><div class="app-callouts_icon-wrapper"><a href="https://play.google.com/store/apps/details?id=com.peapod.app.mobile.droid" role="button" aria-label="Google Play Store"><div class=""><svg xmlns="http://www.w3.org/2000/svg" aria-label="Play Store" viewBox="0 0 108 32" role="presentation" aria-hidden="true" focusable="false" class=""><title lang="en">
      Play Store
    </title><desc></desc><g fill="" stroke=""><g><defs><lineargradient id="linear0" gradient-units="userSpaceOnUse" x1="0.806778" y1="0.494153" x2="-1.575172" y2="0.494153" gradient-transform="matrix(8.117188,0,0,6.800781,18.320312,12.640625)"><stop offset="0" style="stop-color: rgb(254, 224, 0); stop-opacity: 1;"></stop><stop offset="0.1941" style="stop-color: rgb(252, 207, 11); stop-opacity: 1;"></stop><stop offset="0.5469" style="stop-color: rgb(250, 179, 24); stop-opacity: 1;"></stop><stop offset="0.8279" style="stop-color: rgb(249, 162, 27); stop-opacity: 1;"></stop><stop offset="1" style="stop-color: rgb(249, 155, 28); stop-opacity: 1;"></stop></lineargradient><lineargradient id="linear1" gradient-units="userSpaceOnUse" x1="0.86315" y1="0.308159" x2="-0.498497" y2="1.359036" gradient-transform="matrix(13.359375,0,0,10.078125,8.320312,16)"><stop offset="0" style="stop-color: rgb(239, 69, 71); stop-opacity: 1;"></stop><stop offset="1" style="stop-color: rgb(198, 24, 109); stop-opacity: 1;"></stop></lineargradient><lineargradient id="linear2" gradient-units="userSpaceOnUse" x1="-0.504563" y1="-0.361094" x2="0.607186" y2="0.492937" gradient-transform="matrix(13.359375,0,0,10,8.320312,6)"><stop offset="0" style="stop-color: rgb(39, 158, 111); stop-opacity: 1;"></stop><stop offset="0.3168" style="stop-color: rgb(77, 171, 109); stop-opacity: 1;"></stop><stop offset="0.7398" style="stop-color: rgb(106, 186, 106); stop-opacity: 1;"></stop><stop offset="1" style="stop-color: rgb(116, 193, 105); stop-opacity: 1;"></stop></lineargradient></defs><g id="surface1"><path d="M 104 32 L 4 32 C 1.761719 32 0 30.238281 0 28 L 0 4 C 0 1.761719 1.761719 0 4 0 L 104 0 C 106.238281 0 108 1.761719 108 4 L 108 28 C 108 30.160156 106.238281 32 104 32 Z M 104 32 " style="stroke: none; fill-rule: evenodd; fill: rgb(0, 0, 0); fill-opacity: 1;"></path><path d="M 104 0.640625 C 105.839844 0.640625 107.359375 2.160156 107.359375 4 L 107.359375 28 C 107.359375 29.839844 105.839844 31.359375 104 31.359375 L 4 31.359375 C 2.160156 31.359375 0.640625 29.839844 0.640625 28 L 0.640625 4 C 0.640625 2.160156 2.160156 0.640625 4 0.640625 Z M 104 0 L 4 0 C 1.761719 0 0 1.761719 0 4 L 0 28 C 0 30.238281 1.761719 32 4 32 L 104 32 C 106.238281 32 108 30.238281 108 28 L 108 4 C 108 1.839844 106.238281 0 104 0 Z M 104 0 " style="stroke: none; fill-rule: evenodd; fill: rgb(167, 166, 166); fill-opacity: 1;"></path><path d="M 6.402344 4.200195 C 6.402344 5.000977 6.202148 5.699219 5.699219 6.202148 C 5.098633 6.797852 4.400391 7.100586 3.501953 7.100586 C 2.598633 7.100586 1.900391 6.797852 1.299805 6.202148 C 0.699219 5.601562 0.401367 4.898438 0.401367 4 C 0.401367 3.101562 0.699219 2.398438 1.299805 1.797852 C 1.900391 1.202148 2.598633 0.899414 3.501953 0.899414 C 3.902344 0.899414 4.297852 1.001953 4.698242 1.202148 C 5.098633 1.402344 5.401367 1.597656 5.601562 1.900391 L 5.098633 2.398438 C 4.698242 1.900391 4.200195 1.700195 3.501953 1.700195 C 2.901367 1.700195 2.300781 1.900391 1.900391 2.398438 C 1.402344 2.798828 1.202148 3.399414 1.202148 4.097656 C 1.202148 4.800781 1.402344 5.401367 1.900391 5.801758 C 2.398438 6.202148 2.901367 6.5 3.501953 6.5 C 4.200195 6.5 4.698242 6.299805 5.201172 5.801758 C 5.499023 5.499023 5.699219 5.098633 5.699219 4.600586 L 3.501953 4.600586 L 3.501953 3.902344 L 6.402344 3.902344 C 6.402344 3.902344 6.402344 4.097656 6.402344 4.200195 Z M 6.402344 4.200195 " transform="matrix(0.8,0,0,0.8,32.8,4.8)" style="fill-rule: evenodd; fill: rgb(255, 255, 255); fill-opacity: 1; stroke-width: 0.2; stroke-linecap: butt; stroke-linejoin: miter; stroke: rgb(255, 255, 255); stroke-opacity: 1; stroke-miterlimit: 4;"></path><path d="M 11.001953 1.700195 L 8.301758 1.700195 L 8.301758 3.599609 L 10.801758 3.599609 L 10.801758 4.297852 L 8.301758 4.297852 L 8.301758 6.202148 L 11.001953 6.202148 L 11.001953 6.998047 L 7.500977 6.998047 L 7.500977 1.001953 L 11.001953 1.001953 Z M 11.001953 1.700195 " transform="matrix(0.8,0,0,0.8,32.8,4.8)" style="fill-rule: evenodd; fill: rgb(255, 255, 255); fill-opacity: 1; stroke-width: 0.2; stroke-linecap: butt; stroke-linejoin: miter; stroke: rgb(255, 255, 255); stroke-opacity: 1; stroke-miterlimit: 4;"></path><path d="M 14.297852 6.998047 L 13.501953 6.998047 L 13.501953 1.700195 L 11.797852 1.700195 L 11.797852 1.001953 L 16.001953 1.001953 L 16.001953 1.700195 L 14.297852 1.700195 Z M 14.297852 6.998047 " transform="matrix(0.8,0,0,0.8,32.8,4.8)" style="fill-rule: evenodd; fill: rgb(255, 255, 255); fill-opacity: 1; stroke-width: 0.2; stroke-linecap: butt; stroke-linejoin: miter; stroke: rgb(255, 255, 255); stroke-opacity: 1; stroke-miterlimit: 4;"></path><path d="M 18.902344 6.998047 L 18.902344 1.001953 L 19.698242 1.001953 L 19.698242 6.998047 Z M 18.902344 6.998047 " transform="matrix(0.8,0,0,0.8,32.8,4.8)" style="fill-rule: evenodd; fill: rgb(255, 255, 255); fill-opacity: 1; stroke-width: 0.2; stroke-linecap: butt; stroke-linejoin: miter; stroke: rgb(255, 255, 255); stroke-opacity: 1; stroke-miterlimit: 4;"></path><path d="M 23.101562 6.998047 L 22.300781 6.998047 L 22.300781 1.700195 L 20.601562 1.700195 L 20.601562 1.001953 L 24.698242 1.001953 L 24.698242 1.700195 L 22.999023 1.700195 L 22.999023 6.998047 Z M 23.101562 6.998047 " transform="matrix(0.8,0,0,0.8,32.8,4.8)" style="fill-rule: evenodd; fill: rgb(255, 255, 255); fill-opacity: 1; stroke-width: 0.2; stroke-linecap: butt; stroke-linejoin: miter; stroke: rgb(255, 255, 255); stroke-opacity: 1; stroke-miterlimit: 4;"></path><path d="M 32.598633 6.202148 C 31.998047 6.797852 31.299805 7.100586 30.401367 7.100586 C 29.498047 7.100586 28.799805 6.797852 28.199219 6.202148 C 27.598633 5.601562 27.300781 4.898438 27.300781 4 C 27.300781 3.101562 27.598633 2.398438 28.199219 1.797852 C 28.799805 1.202148 29.498047 0.899414 30.401367 0.899414 C 31.299805 0.899414 31.998047 1.202148 32.598633 1.797852 C 33.199219 2.398438 33.501953 3.101562 33.501953 4 C 33.501953 4.898438 33.199219 5.601562 32.598633 6.202148 Z M 28.799805 5.699219 C 29.200195 6.099609 29.800781 6.402344 30.401367 6.402344 C 31.001953 6.402344 31.597656 6.202148 31.998047 5.699219 C 32.398438 5.298828 32.701172 4.698242 32.701172 4 C 32.701172 3.301758 32.500977 2.701172 31.998047 2.300781 C 31.597656 1.900391 31.001953 1.597656 30.401367 1.597656 C 29.800781 1.597656 29.200195 1.797852 28.799805 2.300781 C 28.399414 2.701172 28.101562 3.301758 28.101562 4 C 28.101562 4.698242 28.301758 5.298828 28.799805 5.699219 Z M 28.799805 5.699219 " transform="matrix(0.8,0,0,0.8,32.8,4.8)" style="fill-rule: evenodd; fill: rgb(255, 255, 255); fill-opacity: 1; stroke-width: 0.2; stroke-linecap: butt; stroke-linejoin: miter; stroke: rgb(255, 255, 255); stroke-opacity: 1; stroke-miterlimit: 4;"></path><path d="M 34.600586 6.998047 L 34.600586 1.001953 L 35.499023 1.001953 L 38.399414 5.699219 L 38.399414 1.001953 L 39.200195 1.001953 L 39.200195 6.998047 L 38.399414 6.998047 L 35.298828 2.100586 L 35.298828 6.998047 Z M 34.600586 6.998047 " transform="matrix(0.8,0,0,0.8,32.8,4.8)" style="fill-rule: evenodd; fill: rgb(255, 255, 255); fill-opacity: 1; stroke-width: 0.2; stroke-linecap: butt; stroke-linejoin: miter; stroke: rgb(255, 255, 255); stroke-opacity: 1; stroke-miterlimit: 4;"></path><path d="M 54.480469 17.441406 C 52.558594 17.441406 51.039062 18.878906 51.039062 20.878906 C 51.039062 22.800781 52.558594 24.320312 54.480469 24.320312 C 56.398438 24.320312 57.921875 22.878906 57.921875 20.878906 C 57.921875 18.800781 56.398438 17.441406 54.480469 17.441406 Z M 54.480469 22.878906 C 53.441406 22.878906 52.558594 22 52.558594 20.800781 C 52.558594 19.601562 53.441406 18.71875 54.480469 18.71875 C 55.519531 18.71875 56.398438 19.519531 56.398438 20.800781 C 56.398438 22 55.519531 22.878906 54.480469 22.878906 Z M 47.039062 17.441406 C 45.121094 17.441406 43.601562 18.878906 43.601562 20.878906 C 43.601562 22.800781 45.121094 24.320312 47.039062 24.320312 C 48.960938 24.320312 50.480469 22.878906 50.480469 20.878906 C 50.480469 18.800781 48.960938 17.441406 47.039062 17.441406 Z M 47.039062 22.878906 C 46 22.878906 45.121094 22 45.121094 20.800781 C 45.121094 19.601562 46 18.71875 47.039062 18.71875 C 48.078125 18.71875 48.960938 19.519531 48.960938 20.800781 C 48.960938 22 48.078125 22.878906 47.039062 22.878906 Z M 38.160156 18.480469 L 38.160156 19.921875 L 41.601562 19.921875 C 41.519531 20.71875 41.199219 21.359375 40.800781 21.761719 C 40.320312 22.238281 39.519531 22.800781 38.160156 22.800781 C 36 22.800781 34.398438 21.121094 34.398438 18.960938 C 34.398438 16.800781 36.078125 15.121094 38.160156 15.121094 C 39.28125 15.121094 40.160156 15.601562 40.800781 16.160156 L 41.839844 15.121094 C 40.960938 14.320312 39.839844 13.679688 38.238281 13.679688 C 35.359375 13.679688 32.878906 16.078125 32.878906 18.960938 C 32.878906 21.839844 35.359375 24.238281 38.238281 24.238281 C 39.839844 24.238281 40.960938 23.761719 41.921875 22.71875 C 42.878906 21.761719 43.199219 20.398438 43.199219 19.359375 C 43.199219 19.039062 43.199219 18.71875 43.121094 18.480469 Z M 74.480469 19.601562 C 74.160156 18.800781 73.359375 17.441406 71.601562 17.441406 C 69.839844 17.441406 68.398438 18.800781 68.398438 20.878906 C 68.398438 22.800781 69.839844 24.320312 71.761719 24.320312 C 73.28125 24.320312 74.238281 23.359375 74.558594 22.800781 L 73.441406 22 C 73.039062 22.558594 72.558594 22.960938 71.761719 22.960938 C 70.960938 22.960938 70.480469 22.640625 70.078125 21.921875 L 74.640625 20 Z M 69.839844 20.71875 C 69.839844 19.441406 70.878906 18.71875 71.601562 18.71875 C 72.160156 18.71875 72.71875 19.039062 72.878906 19.441406 Z M 66.078125 24 L 67.601562 24 L 67.601562 14 L 66.078125 14 Z M 63.679688 18.160156 C 63.28125 17.761719 62.640625 17.359375 61.839844 17.359375 C 60.160156 17.359375 58.558594 18.878906 58.558594 20.800781 C 58.558594 22.71875 60.078125 24.160156 61.839844 24.160156 C 62.640625 24.160156 63.28125 23.761719 63.601562 23.359375 L 63.679688 23.359375 L 63.679688 23.839844 C 63.679688 25.121094 62.960938 25.839844 61.839844 25.839844 C 60.960938 25.839844 60.320312 25.199219 60.160156 24.640625 L 58.878906 25.199219 C 59.28125 26.078125 60.238281 27.199219 61.921875 27.199219 C 63.679688 27.199219 65.121094 26.160156 65.121094 23.679688 L 65.121094 17.601562 L 63.679688 17.601562 Z M 61.921875 22.878906 C 60.878906 22.878906 60 22 60 20.800781 C 60 19.601562 60.878906 18.71875 61.921875 18.71875 C 62.960938 18.71875 63.761719 19.601562 63.761719 20.800781 C 63.761719 22 62.960938 22.878906 61.921875 22.878906 Z M 81.441406 14 L 77.839844 14 L 77.839844 24 L 79.359375 24 L 79.359375 20.238281 L 81.441406 20.238281 C 83.121094 20.238281 84.71875 19.039062 84.71875 17.121094 C 84.71875 15.199219 83.121094 14 81.441406 14 Z M 81.519531 18.800781 L 79.359375 18.800781 L 79.359375 15.359375 L 81.519531 15.359375 C 82.640625 15.359375 83.28125 16.320312 83.28125 17.039062 C 83.199219 17.921875 82.558594 18.800781 81.519531 18.800781 Z M 90.71875 17.359375 C 89.601562 17.359375 88.480469 17.839844 88.078125 18.878906 L 89.441406 19.441406 C 89.761719 18.878906 90.238281 18.71875 90.800781 18.71875 C 91.601562 18.71875 92.320312 19.199219 92.398438 20 L 92.398438 20.078125 C 92.160156 19.921875 91.519531 19.679688 90.878906 19.679688 C 89.441406 19.679688 88 20.480469 88 21.921875 C 88 23.28125 89.199219 24.160156 90.480469 24.160156 C 91.519531 24.160156 92 23.679688 92.398438 23.199219 L 92.480469 23.199219 L 92.480469 24 L 93.921875 24 L 93.921875 20.160156 C 93.761719 18.398438 92.398438 17.359375 90.71875 17.359375 Z M 90.558594 22.878906 C 90.078125 22.878906 89.359375 22.640625 89.359375 22 C 89.359375 21.199219 90.238281 20.960938 90.960938 20.960938 C 91.601562 20.960938 91.921875 21.121094 92.320312 21.28125 C 92.160156 22.238281 91.359375 22.878906 90.558594 22.878906 Z M 98.960938 17.601562 L 97.28125 21.921875 L 97.199219 21.921875 L 95.441406 17.601562 L 93.839844 17.601562 L 96.480469 23.679688 L 94.960938 27.039062 L 96.480469 27.039062 L 100.558594 17.601562 Z M 85.519531 24 L 87.039062 24 L 87.039062 14 L 85.519531 14 Z M 85.519531 24 " style="stroke: none; fill-rule: evenodd; fill: rgb(255, 255, 255); fill-opacity: 1;"></path><path d="M 8.320312 6 C 8.078125 6.320312 8 6.640625 8 7.199219 L 8 24.800781 C 8 25.28125 8.160156 25.679688 8.398438 25.921875 L 8.480469 26 L 18.398438 16.078125 L 18.398438 15.921875 Z M 8.320312 6 " style="stroke: none; fill-rule: evenodd; fill: rgb(91, 201, 244); fill-opacity: 1;"></path><path d="M 21.601562 19.441406 L 18.320312 16.160156 L 18.320312 15.921875 L 21.601562 12.640625 L 21.679688 12.71875 L 25.601562 14.960938 C 26.71875 15.601562 26.71875 16.640625 25.601562 17.28125 Z M 21.601562 19.441406 " style="stroke: none; fill-rule: evenodd; fill: url(&quot;#linear0&quot;);"></path><path d="M 21.679688 19.359375 L 18.320312 16 L 8.320312 26 C 8.71875 26.398438 9.28125 26.398438 10 26.078125 L 21.679688 19.359375 " style="stroke: none; fill-rule: evenodd; fill: url(&quot;#linear1&quot;);"></path><path d="M 21.679688 12.640625 L 10 6 C 9.28125 5.601562 8.71875 5.679688 8.320312 6.078125 L 18.320312 16 Z M 21.679688 12.640625 " style="stroke: none; fill-rule: evenodd; fill: url(&quot;#linear2&quot;);"></path></g></g></g></svg></div></a></div></div><div class="site-legal-block spyglass-nav-group_wrapper"><div style="display: none;"><div class="spyglass_container spyglass_container--nav-group-type" style="display: none;"><h3>Container/Scheduler</h3><ul><li><span class="spyglass_label">Scheduled Id</span>:
  <a href="http://jiracore.peapod.com/browse/CS-69199" target="_blank" class="spyglass_jira-id-link">
    CS-69199
  </a><!----><!----></li><li><span class="spyglass_label">Container Id</span>:
  <a href="http://jiracore.peapod.com/browse/CS-69195" target="_blank" class="spyglass_jira-id-link">
    CS-69195
  </a><!----><!----></li><li><span class="spyglass_label">Start Date</span>:
  <!----><!----><span>2019-05-29</span></li><li><span class="spyglass_label">End Date</span>:
  <!----><!----><span>2029-04-11</span></li><li><span class="spyglass_label">Module Type</span>:
  <!----><!----><span>Content: Nav Group</span></li><li><span class="spyglass_label">Site Location</span>:
  <!----><!----><span>footer_subnav</span></li><li><span class="spyglass_label">Customer Status</span>:
  <!----><!----><span>New Customer,Existing Customer</span></li><li><span class="spyglass_label">Customer Type</span>:
  <!----><!----><span>Consumer,Merchant</span></li></ul><div><h3>Sub-Tasks:</h3><ul><li><ul><li><span class="spyglass_label">Headline</span>:
  <!----><!----><span>Legal Terms</span></li><li><span class="spyglass_label">Subtask Id</span>:
  <a href="http://jiracore.peapod.com/browse/CS-69196" target="_blank" class="spyglass_jira-id-link">
    CS-69196
  </a><!----><!----></li><li><span class="spyglass_label">Button Link</span>:
  <!----><!----><span>help-modal</span></li><li><span class="spyglass_label">Link Type</span>:
  <!----><!----><span>Modal</span></li></ul></li><li><ul><li><span class="spyglass_label">Headline</span>:
  <!----><!----><span>Privacy Statement</span></li><li><span class="spyglass_label">Subtask Id</span>:
  <a href="http://jiracore.peapod.com/browse/CS-69197" target="_blank" class="spyglass_jira-id-link">
    CS-69197
  </a><!----><!----></li><li><span class="spyglass_label">Button Link</span>:
  <!----><a href="https://about.peapod.com/privacy-policy/" target="_blank">
    https://about.peapod.com/privacy-policy/
  </a><!----></li><li><span class="spyglass_label">Link Type</span>:
  <!----><!----><span>External</span></li></ul></li><li><ul><li><span class="spyglass_label">Headline</span>:
  <!----><!----><span>1990-2019 Peapod, LLC. All Rights Reserved</span></li><li><span class="spyglass_label">Subtask Id</span>:
  <a href="http://jiracore.peapod.com/browse/CS-69198" target="_blank" class="spyglass_jira-id-link">
    CS-69198
  </a><!----><!----></li></ul></li></ul></div></div><div class="spyglass-toggle-tab">
  OPEN INFO
</div></div><div class="site-legal-block_terms-group"><a href="https://www.peapod.com/" aria-label="footer legal terms">
  Legal Terms
</a><!----><a target="_blank" href="https://about.peapod.com/privacy-policy/" aria-label="footer privacy statement">
  Privacy Statement
</a></div><div class="site-legal-block_copyright"><span>1990-2019 Peapod, LLC. All Rights Reserved</span></div></div></div></footer></div></footer-module></div></div></div></div></div></div></ng-include></div><!----><!----></ng-switch></div></div></div><!----><!----></div></div></main></site-subheader-management></div></div>
<!---->


<script type="text/javascript" id="">var custom_cid="414",query_string="",account_id="",channel_source="\x26c3ch\x3dnull",network_source="",creative="",placement="",size="",ad_id="",campaign="",advertiser="",parameters=query_string+account_id+channel_source+network_source+creative+placement+size+ad_id+campaign+advertiser;(parameters=parameters.substring(1))&&(parameters="?"+parameters);var scr_url="//"+custom_cid+"-ct.c3tag.com/c3metrics-"+custom_cid+".js"+parameters,head=document.getElementsByTagName("head")[0],script=document.createElement("script");
script.type="text/javascript";script.src=scr_url;head.appendChild(script);</script>
<script type="text/javascript" id="">window.criteo_q=window.criteo_q||[];window.criteo_q.push({event:"setAccount",account:"49626"},{event:"setRetailerVisitorId",id:"9f8ba071-13e7-4d3b-a9fe-2c1b0dd86ae2"},{event:"setCustomerId",id:"9f8ba071-13e7-4d3b-a9fe-2c1b0dd86ae2"},{event:"viewHome"});</script>
<script type="text/javascript" id="">fbq("track","ViewContent");</script>

<div style="display: none; visibility: hidden;"><script>(function(a){var c=("https:"==document.location.protocol?"https://":"http://")+"centro.pixel.ad/dmp/asyncPixelSync",b=a.createElement("iframe");(b.frameElement||b).style.cssText="width: 0; height: 0; border: 0;";b.src="javascript:false";a.body.appendChild(b);a=b.contentWindow.document;a.open().write("\x3cbody onload\x3d\"window.location.href\x3d'"+c+"'\"\x3e");a.close()})(document);</script></div><iframe src="javascript:false" style="width: 0px; height: 0px; border: 0px;" src="./Snacks_Candy_Organic_files/saved_resource(43).html"></iframe><script type="text/javascript" id="" src="./Snacks_Candy_Organic_files/ld(1).js"></script>
<script type="text/javascript" id="">!function(b,e,f,g,a,c,d){b.fbq||(a=b.fbq=function(){a.callMethod?a.callMethod.apply(a,arguments):a.queue.push(arguments)},b._fbq||(b._fbq=a),a.push=a,a.loaded=!0,a.version="2.0",a.queue=[],c=e.createElement(f),c.async=!0,c.src=g,d=e.getElementsByTagName(f)[0],d.parentNode.insertBefore(c,d))}(window,document,"script","https://connect.facebook.net/en_US/fbevents.js");fbq("init","367377797354413");fbq("track","PageView");</script>
<noscript><img height="1" width="1" style="display:none" src="https://www.facebook.com/tr?id=367377797354413&amp;ev=PageView&amp;noscript=1"></noscript>
 <script type="text/javascript" id="">(function(){var b=document.getElementsByTagName("head")[0],a=document.createElement("script");a.type="text/javascript";a.src="//cdn.krxd.net/controltag/r5kol0qtp.js";b.appendChild(a)})();</script><script type="text/javascript" id="">var pulseSession=getCookie("pulseSession")||"na";if("na"===pulseSession){window.Krux||((Krux=function(){Krux.q.push(arguments)}).q=[]);Krux("ns:peapod","admEvent","MImQpaQq",{});var ranId=Math.floor(1E8*Math.random()+1),pulseSessionId=(new Date).getTime();setCookie("pulseSession",":ss:"+(new Date).getTime()+":vid:"+ranId+";domain\x3d.peapod.com")}
function setCookie(c,d,b){if(b){var a=new Date;a.setTime(a.getTime()+864E5*b);b="; expires\x3d"+a.toGMTString()}else b="";document.cookie=c+"\x3d"+d+b+"; path\x3d/"}function getCookie(c){c+="\x3d";for(var d=document.cookie.split(";"),b=0;b<d.length;b++){for(var a=d[b];" "==a.charAt(0);)a=a.substring(1,a.length);if(0==a.indexOf(c))return a.substring(c.length,a.length)}return null};</script><script type="text/javascript" id="">(function(){var a={sfCartDollarBin:0===google_tag_manager["GTM-MDB4F8D"].macro(11)?"0":200<=google_tag_manager["GTM-MDB4F8D"].macro(12)?"200+":(google_tag_manager["GTM-MDB4F8D"].macro(13)-google_tag_manager["GTM-MDB4F8D"].macro(14)%5).toString()+"-"+(google_tag_manager["GTM-MDB4F8D"].macro(15)-google_tag_manager["GTM-MDB4F8D"].macro(16)%5+5).toString(),sfCartUnitBin:0===google_tag_manager["GTM-MDB4F8D"].macro(17)?"0":(google_tag_manager["GTM-MDB4F8D"].macro(18)-google_tag_manager["GTM-MDB4F8D"].macro(19)%5).toString()+"-"+(google_tag_manager["GTM-MDB4F8D"].macro(20)-google_tag_manager["GTM-MDB4F8D"].macro(21)%5+5).toString()};window.sfParam=a;window.Krux||((Krux=function(){Krux.q.push(arguments)}).q=[]);Krux("ns:peapod","consent:set",
{dc:!0,tg:!0,al:!0,cd:!1,sh:!1,re:!1})})();</script><script type="text/javascript" id="">(function(c,d,a,b){c.ndp||(c.ndp=function(){ndp.queue.push(arguments)},ndp.queue=[],a=d.createElement("script"),a.async=!0,a.src="https://nextdoor.com/static/pixel/pixel.js",b=d.getElementsByTagName("script")[0],b.parentNode.insertBefore(a,b))})(window,document,"script","src");</script><script type="text/javascript" id="">var tag_id="2619778734845",pageName="All Pages",pageCategory="All Categories";!function(){if(!window.pintrk){window.pintrk=function(){window.pintrk.queue.push(Array.prototype.slice.call(arguments))};var a=window.pintrk;a.queue=[];a.version="3.0";a=document.getElementsByTagName("head")[0];var b=document.createElement("script");b.type="text/javascript";b.src="https://s.pinimg.com/ct/core.js";a.appendChild(b)}}();pintrk("load",tag_id);pintrk("page",{page_name:pageName,page_category:pageCategory});</script><script type="text/javascript" id="">(function(){var a="peapod";a="//origin.extole.io/"+a+"/core.js";var c=document.getElementsByTagName("head")[0],b=document.createElement("script");b.type="text/javascript";b.src=a;c.appendChild(b)})();</script><script type="text/javascript" id="">var type="global_header",element_id="extole_global_header";fields={first_name:"",last_name:"",email:"",partner_user_id:"",partner_conversion_id:"",coupon_code:"",advocate_code:"",cart_value:""};(function(a,b,e,c,d){a[b]=a[b]||{};for(a[b].q=a[b].q||[];d<c.length;)e(c[d++],a[b])})(window,"extole",function(a,b){b[a]=b[a]||function(){b.q.push([a,arguments])}},["createZone"],0);data={};for(var field in fields)""!==fields[field]&&(data[field]=fields[field]);
extole.createZone({name:type,element_id:element_id,data:data});</script><script type="text/javascript" id="">var partner_code="cxbew",lifecycle="inte",src="//px.owneriq.net/stas/s/"+partner_code+".js",head=document.getElementsByTagName("head")[0],script=document.createElement("script");script.type="text/javascript";script.src=src;head.appendChild(script);window._oiqq=window._oiqq||[];window._oiqq.push(["oiq_addPageLifecycle",lifecycle]);window._oiqq.push(["oiq_doTag"]);</script><script type="text/javascript" id="">var pixelID="817960774913222",locale="en_US";(function(a){if(!window.fbq){a=window.fbq=function(){a.callMethod?a.callMethod.apply(a,arguments):a.queue.push(arguments)};window._fbq||(window._fbq=a);a.push=a;a.loaded=!0;a.version="2.0";a.queue=[];var c="//connect.facebook.net/"+locale+"/fbevents.js",d=document.getElementsByTagName("head")[0],b=document.createElement("script");b.async=!0;b.type="text/javascript";b.src=c;d.appendChild(b)}})();fbq("init",pixelID);fbq("track","PageView");</script>

<script type="text/javascript" id="">!function(b){if(!window.pintrk){window.pintrk=function(){window.pintrk.queue.push(Array.prototype.slice.call(arguments))};var a=window.pintrk;a.queue=[];a.version="3.0";a=document.createElement("script");a.async=!0;a.src=b;b=document.getElementsByTagName("script")[0];b.parentNode.insertBefore(a,b)}}("https://s.pinimg.com/ct/core.js");pintrk("load","2613080140156",{em:"\x3cuser_email_address\x3e"});pintrk("page");</script>
<noscript>
<img height="1" width="1" style="display:none;" alt="" src="https://ct.pinterest.com/v3/?tid=2613080140156&amp;pd[em]=&lt;hashed_email_address&gt;&amp;noscript=1">
</noscript>
<script type="text/javascript" async="" src="./Snacks_Candy_Organic_files/saved_resource"></script><script src="./Snacks_Candy_Organic_files/8545500175.js" type="text/javascript"></script><iframe src="./Snacks_Candy_Organic_files/eps.html" style="display: none;"></iframe> <div id="criteo-tags-div" style="display: none;"><script async="true" type="text/javascript" src="./Snacks_Candy_Organic_files/event"></script><iframe height="0" width="0" src="./Snacks_Candy_Organic_files/dis.html" title="Criteo DIS iframe" style="display: none;"></iframe></div><div class="kxhead" data-id="r5kol0qtp" style="display:none !important;"><span class="kxtag kxinvisible" data-id="35787"><!-- Facebook Pixel Code --> 
<script>
   !function(f,b,e,v,n,t,s)
   {if(f.fbq)return;n=f.fbq=function(){n.callMethod?
   n.callMethod.apply(n,arguments):n.queue.push(arguments)};
   if(!f._fbq)f._fbq=n;n.push=n;n.loaded=!0;n.version='2.0';
   n.queue=[];t=b.createElement(e);t.async=!0;
   t.src=v;s=b.getElementsByTagName(e)[0];
   s.parentNode.insertBefore(t,s)}(window, document,'script',
   'https://connect.facebook.net/en_US/fbevents.js');
   fbq('init', '104762392963845');
</script>
<noscript></noscript>
</span><span class="kxtag kxinvisible" data-id="32615"><script>
(function(){
	Krux('scrape',{'page_attr_url_path_1':{'url_path':'1'}});
	Krux('scrape',{'page_attr_url_path_2':{'url_path':'2'}});
	Krux('scrape',{'page_attr_url_path_3':{'url_path':'3'}});
	Krux('scrape',{'page_attr_meta_keywords':{meta_name:'keywords'}});

	Krux('scrape',{'page_attr_domain':{url_domain: '2'}});

})();
</script></span><span class="kxtag kxinvisible" data-id="32860"><script>
(function(){

	var params = Krux('require:util').urlParams();
	
	Krux ('set', { 
	'page_attr_utm_source': params.utm_source,
	'page_attr_utm_medium': params.utm_medium,
	'page_attr_utm_campaign': params.utm_campaign,
	'page_attr_utm_content': params.utm_content,
	'page_attr_utm_term': params.utm_term 
	});
	
})();
</script></span><span class="kxtag kxinvisible" data-id="32901"><script>
(function() {
    var dataObj = Krux('scrape.javascript', 'tmParam'),
        userKeys = 'tm_user_id,tm_zip_cd,tm_user_levl_cd,tm_type_cd,tm_pup_avail,tm_pup_ords',
        omitKeys = 'undefined',
        custDelimit = 'undefined',
        prefix = 'undefined_',
        config = {
            'userKeys': userKeys ? userKeys.split(',') : undefined,
            'omitKeys': (omitKeys ? omitKeys.split(',') : []).concat([
                /gtm\./, // GTM events
                /sessionid/i, // Session ids
                /\.phpsessid$/i, // Session ids
                /\.sid$/i, // Session ids
                /\.zenid$/i, // Session ids
                /\.requestid$/i // Request ids
            ]),
            'omitValues': [
                /.*@.*(?:\..*)+/, // Email Addresses
                /gtm\./, // GTM events
                /^(https?:)?\/\/[^\/]+/, // URLs
                /^\/[^\/]+/, // URL paths
                /.{255}/ // Long values
            ],
            'customDelimited': custDelimit ? custDelimit.split(',') : undefined,
            'caseSensitive': 'false' === 'true',
            'useFullPath': 'false' === 'true',
            'useLastValue': 'false' === 'true',
            'convertAttrNames': []
        };
    if (!prefix.match(/^$|null|undefined|false/)) {
        config.convertAttrNames.push({
            pattern: /((?:page|user)_attr_)/,
            replacement: '$1' + prefix
        });
    }
    Krux('ingestDataLayer', dataObj, config);
}).call();
</script></span><span class="kxtag kxinvisible" data-id="32995"><script>
(function() {
    var dataObj = Krux('scrape.javascript', 'sfParam'),
        userKeys = 'sfCartDollarBin,sfCartUnitBin',
        omitKeys = 'undefined',
        custDelimit = 'undefined',
        prefix = 'undefined_',
        config = {
            'userKeys': userKeys ? userKeys.split(',') : undefined,
            'omitKeys': (omitKeys ? omitKeys.split(',') : []).concat([
                /gtm\./, // GTM events
                /sessionid/i, // Session ids
                /\.phpsessid$/i, // Session ids
                /\.sid$/i, // Session ids
                /\.zenid$/i, // Session ids
                /\.requestid$/i // Request ids
            ]),
            'omitValues': [
                /.*@.*(?:\..*)+/, // Email Addresses
                /gtm\./, // GTM events
                /^(https?:)?\/\/[^\/]+/, // URLs
                /^\/[^\/]+/, // URL paths
                /.{255}/ // Long values
            ],
            'customDelimited': custDelimit ? custDelimit.split(',') : undefined,
            'caseSensitive': 'false' === 'true',
            'useFullPath': 'false' === 'true',
            'useLastValue': 'false' === 'true',
            'convertAttrNames': []
        };
    if (!prefix.match(/^$|null|undefined|false/)) {
        config.convertAttrNames.push({
            pattern: /((?:page|user)_attr_)/,
            replacement: '$1' + prefix
        });
    }
    Krux('ingestDataLayer', dataObj, config);
}).call();
</script></span><span class="kxtag kxinvisible" data-id="33408"><script>
 (function() {
     var _kxStore = Krux('require:store');
     _kxStore.set('segs_partner', _kxStore.get('segs'));
     Krux('segments:watch', function(segs) {
         setTimeout(function() {
             _kxStore.set('segs_partner', _kxStore.get('segs'));
         }, 1);

     });
 })();
</script></span></div><script type="text/javascript" id="">var partner_code="cxbew",lifecycle="inte",src="//px.owneriq.net/stas/s/"+partner_code+".js",head=document.getElementsByTagName("head")[0],script=document.createElement("script");script.type="text/javascript";script.src=src;head.appendChild(script);window._oiqq=window._oiqq||[];window._oiqq.push(["oiq_addPageLifecycle",lifecycle]);window._oiqq.push(["oiq_doTag"]);</script><script type="text/javascript" async="" src="./Snacks_Candy_Organic_files/saved_resource"></script><script type="text/javascript" id="">window.criteo_q=window.criteo_q||[];window.criteo_q.push({event:"setAccount",account:"49626"},{event:"setRetailerVisitorId",id:"9f8ba071-13e7-4d3b-a9fe-2c1b0dd86ae2"},{event:"setCustomerId",id:"9f8ba071-13e7-4d3b-a9fe-2c1b0dd86ae2"},{event:"viewCategory",item:google_tag_manager["GTM-MDB4F8D"].macro(46),category:"166",page_number:1});</script>


<iframe src="./Snacks_Candy_Organic_files/eps(1).html" style="display: none;"></iframe><script src="./Snacks_Candy_Organic_files/gpt.js" type="text/javascript"></script><script type="text/javascript" id="">var partner_code="cxbew",lifecycle="inte",src="//px.owneriq.net/stas/s/"+partner_code+".js",head=document.getElementsByTagName("head")[0],script=document.createElement("script");script.type="text/javascript";script.src=src;head.appendChild(script);window._oiqq=window._oiqq||[];window._oiqq.push(["oiq_addPageLifecycle",lifecycle]);window._oiqq.push(["oiq_doTag"]);</script><script type="text/javascript" async="" src="./Snacks_Candy_Organic_files/saved_resource(1)"></script><script type="text/javascript" id="">window.criteo_q=window.criteo_q||[];window.criteo_q.push({event:"setAccount",account:"49626"},{event:"setRetailerVisitorId",id:"9f8ba071-13e7-4d3b-a9fe-2c1b0dd86ae2"},{event:"setCustomerId",id:"9f8ba071-13e7-4d3b-a9fe-2c1b0dd86ae2"},{event:"viewCategory",item:google_tag_manager["GTM-MDB4F8D"].macro(58),category:"166",page_number:1});</script>


<iframe src="./Snacks_Candy_Organic_files/eps(2).html" style="display: none;"></iframe><iframe id="google_osd_static_frame_3908279784569" name="google_osd_static_frame" style="display: none; width: 0px; height: 0px;" src="./Snacks_Candy_Organic_files/saved_resource(44).html"></iframe><script type="text/javascript" id="">var partner_code="cxbew",lifecycle="inte",src="//px.owneriq.net/stas/s/"+partner_code+".js",head=document.getElementsByTagName("head")[0],script=document.createElement("script");script.type="text/javascript";script.src=src;head.appendChild(script);window._oiqq=window._oiqq||[];window._oiqq.push(["oiq_addPageLifecycle",lifecycle]);window._oiqq.push(["oiq_doTag"]);</script><script type="text/javascript" async="" src="./Snacks_Candy_Organic_files/saved_resource(1)"></script><script type="text/javascript" id="">window.criteo_q=window.criteo_q||[];window.criteo_q.push({event:"setAccount",account:"49626"},{event:"setRetailerVisitorId",id:"9f8ba071-13e7-4d3b-a9fe-2c1b0dd86ae2"},{event:"setCustomerId",id:"9f8ba071-13e7-4d3b-a9fe-2c1b0dd86ae2"},{event:"viewCategory",item:google_tag_manager["GTM-MDB4F8D"].macro(70),category:"176",page_number:1});</script>


<iframe src="./Snacks_Candy_Organic_files/eps(3).html" style="display: none;"></iframe><script type="text/javascript" id="">var partner_code="cxbew",lifecycle="inte",src="//px.owneriq.net/stas/s/"+partner_code+".js",head=document.getElementsByTagName("head")[0],script=document.createElement("script");script.type="text/javascript";script.src=src;head.appendChild(script);window._oiqq=window._oiqq||[];window._oiqq.push(["oiq_addPageLifecycle",lifecycle]);window._oiqq.push(["oiq_doTag"]);</script><script type="text/javascript" async="" src="./Snacks_Candy_Organic_files/saved_resource(2)"></script><script type="text/javascript" id="">window.criteo_q=window.criteo_q||[];window.criteo_q.push({event:"setAccount",account:"49626"},{event:"setRetailerVisitorId",id:"9f8ba071-13e7-4d3b-a9fe-2c1b0dd86ae2"},{event:"setCustomerId",id:"9f8ba071-13e7-4d3b-a9fe-2c1b0dd86ae2"},{event:"viewCategory",item:google_tag_manager["GTM-MDB4F8D"].macro(82),category:"166",page_number:1});</script>


<iframe src="./Snacks_Candy_Organic_files/eps(4).html" style="display: none;"></iframe><script type="text/javascript" id="">var partner_code="cxbew",lifecycle="inte",src="//px.owneriq.net/stas/s/"+partner_code+".js",head=document.getElementsByTagName("head")[0],script=document.createElement("script");script.type="text/javascript";script.src=src;head.appendChild(script);window._oiqq=window._oiqq||[];window._oiqq.push(["oiq_addPageLifecycle",lifecycle]);window._oiqq.push(["oiq_doTag"]);</script><script type="text/javascript" async="" src="./Snacks_Candy_Organic_files/saved_resource(1)"></script><script type="text/javascript" id="">window.criteo_q=window.criteo_q||[];window.criteo_q.push({event:"setAccount",account:"49626"},{event:"setRetailerVisitorId",id:"9f8ba071-13e7-4d3b-a9fe-2c1b0dd86ae2"},{event:"setCustomerId",id:"9f8ba071-13e7-4d3b-a9fe-2c1b0dd86ae2"},{event:"viewCategory",item:google_tag_manager["GTM-MDB4F8D"].macro(94),category:"167",page_number:1});</script>


<iframe src="./Snacks_Candy_Organic_files/eps(5).html" style="display: none;"></iframe><script type="text/javascript" id="">var partner_code="cxbew",lifecycle="inte",src="//px.owneriq.net/stas/s/"+partner_code+".js",head=document.getElementsByTagName("head")[0],script=document.createElement("script");script.type="text/javascript";script.src=src;head.appendChild(script);window._oiqq=window._oiqq||[];window._oiqq.push(["oiq_addPageLifecycle",lifecycle]);window._oiqq.push(["oiq_doTag"]);</script><script type="text/javascript" async="" src="./Snacks_Candy_Organic_files/saved_resource(3)"></script><script type="text/javascript" id="">window.criteo_q=window.criteo_q||[];window.criteo_q.push({event:"setAccount",account:"49626"},{event:"setRetailerVisitorId",id:"9f8ba071-13e7-4d3b-a9fe-2c1b0dd86ae2"},{event:"setCustomerId",id:"9f8ba071-13e7-4d3b-a9fe-2c1b0dd86ae2"},{event:"viewCategory",item:google_tag_manager["GTM-MDB4F8D"].macro(106),category:"166",page_number:1});</script>


<iframe src="./Snacks_Candy_Organic_files/eps(6).html" style="display: none;"></iframe><script type="text/javascript" id="">var partner_code="cxbew",lifecycle="inte",src="//px.owneriq.net/stas/s/"+partner_code+".js",head=document.getElementsByTagName("head")[0],script=document.createElement("script");script.type="text/javascript";script.src=src;head.appendChild(script);window._oiqq=window._oiqq||[];window._oiqq.push(["oiq_addPageLifecycle",lifecycle]);window._oiqq.push(["oiq_doTag"]);</script><script type="text/javascript" async="" src="./Snacks_Candy_Organic_files/saved_resource(1)"></script><script type="text/javascript" id="">window.criteo_q=window.criteo_q||[];window.criteo_q.push({event:"setAccount",account:"49626"},{event:"setRetailerVisitorId",id:"9f8ba071-13e7-4d3b-a9fe-2c1b0dd86ae2"},{event:"setCustomerId",id:"9f8ba071-13e7-4d3b-a9fe-2c1b0dd86ae2"},{event:"viewCategory",item:google_tag_manager["GTM-MDB4F8D"].macro(118),category:"3684",page_number:1});</script>


<iframe src="./Snacks_Candy_Organic_files/eps(7).html" style="display: none;"></iframe><script type="text/javascript" id="">var partner_code="cxbew",lifecycle="inte",src="//px.owneriq.net/stas/s/"+partner_code+".js",head=document.getElementsByTagName("head")[0],script=document.createElement("script");script.type="text/javascript";script.src=src;head.appendChild(script);window._oiqq=window._oiqq||[];window._oiqq.push(["oiq_addPageLifecycle",lifecycle]);window._oiqq.push(["oiq_doTag"]);</script><script type="text/javascript" async="" src="./Snacks_Candy_Organic_files/saved_resource(4)"></script><script type="text/javascript" id="">window.criteo_q=window.criteo_q||[];window.criteo_q.push({event:"setAccount",account:"49626"},{event:"setRetailerVisitorId",id:"9f8ba071-13e7-4d3b-a9fe-2c1b0dd86ae2"},{event:"setCustomerId",id:"9f8ba071-13e7-4d3b-a9fe-2c1b0dd86ae2"},{event:"viewCategory",item:google_tag_manager["GTM-MDB4F8D"].macro(130),category:"166",page_number:1});</script>


<iframe src="./Snacks_Candy_Organic_files/eps(8).html" style="display: none;"></iframe><script type="text/javascript" id="">var partner_code="cxbew",lifecycle="inte",src="//px.owneriq.net/stas/s/"+partner_code+".js",head=document.getElementsByTagName("head")[0],script=document.createElement("script");script.type="text/javascript";script.src=src;head.appendChild(script);window._oiqq=window._oiqq||[];window._oiqq.push(["oiq_addPageLifecycle",lifecycle]);window._oiqq.push(["oiq_doTag"]);</script><script type="text/javascript" async="" src="./Snacks_Candy_Organic_files/saved_resource(1)"></script><script type="text/javascript" id="">window.criteo_q=window.criteo_q||[];window.criteo_q.push({event:"setAccount",account:"49626"},{event:"setRetailerVisitorId",id:"9f8ba071-13e7-4d3b-a9fe-2c1b0dd86ae2"},{event:"setCustomerId",id:"9f8ba071-13e7-4d3b-a9fe-2c1b0dd86ae2"},{event:"viewCategory",item:google_tag_manager["GTM-MDB4F8D"].macro(142),category:"187",page_number:1});</script>


<iframe src="./Snacks_Candy_Organic_files/eps(9).html" style="display: none;"></iframe><script type="text/javascript" id="">var partner_code="cxbew",lifecycle="inte",src="//px.owneriq.net/stas/s/"+partner_code+".js",head=document.getElementsByTagName("head")[0],script=document.createElement("script");script.type="text/javascript";script.src=src;head.appendChild(script);window._oiqq=window._oiqq||[];window._oiqq.push(["oiq_addPageLifecycle",lifecycle]);window._oiqq.push(["oiq_doTag"]);</script><script type="text/javascript" async="" src="./Snacks_Candy_Organic_files/saved_resource(5)"></script><script type="text/javascript" id="">window.criteo_q=window.criteo_q||[];window.criteo_q.push({event:"setAccount",account:"49626"},{event:"setRetailerVisitorId",id:"9f8ba071-13e7-4d3b-a9fe-2c1b0dd86ae2"},{event:"setCustomerId",id:"9f8ba071-13e7-4d3b-a9fe-2c1b0dd86ae2"},{event:"viewCategory",item:google_tag_manager["GTM-MDB4F8D"].macro(154),category:"166",page_number:1});</script>


<iframe src="./Snacks_Candy_Organic_files/eps(10).html" style="display: none;"></iframe><script type="text/javascript" id="">var partner_code="cxbew",lifecycle="inte",src="//px.owneriq.net/stas/s/"+partner_code+".js",head=document.getElementsByTagName("head")[0],script=document.createElement("script");script.type="text/javascript";script.src=src;head.appendChild(script);window._oiqq=window._oiqq||[];window._oiqq.push(["oiq_addPageLifecycle",lifecycle]);window._oiqq.push(["oiq_doTag"]);</script><script type="text/javascript" async="" src="./Snacks_Candy_Organic_files/saved_resource(1)"></script><script type="text/javascript" id="">window.criteo_q=window.criteo_q||[];window.criteo_q.push({event:"setAccount",account:"49626"},{event:"setRetailerVisitorId",id:"9f8ba071-13e7-4d3b-a9fe-2c1b0dd86ae2"},{event:"setCustomerId",id:"9f8ba071-13e7-4d3b-a9fe-2c1b0dd86ae2"},{event:"viewCategory",item:google_tag_manager["GTM-MDB4F8D"].macro(166),category:"191",page_number:1});</script>


<iframe src="./Snacks_Candy_Organic_files/eps(11).html" style="display: none;"></iframe><script type="text/javascript" id="">var partner_code="cxbew",lifecycle="inte",src="//px.owneriq.net/stas/s/"+partner_code+".js",head=document.getElementsByTagName("head")[0],script=document.createElement("script");script.type="text/javascript";script.src=src;head.appendChild(script);window._oiqq=window._oiqq||[];window._oiqq.push(["oiq_addPageLifecycle",lifecycle]);window._oiqq.push(["oiq_doTag"]);</script><script type="text/javascript" async="" src="./Snacks_Candy_Organic_files/saved_resource(6)"></script><script type="text/javascript" id="">window.criteo_q=window.criteo_q||[];window.criteo_q.push({event:"setAccount",account:"49626"},{event:"setRetailerVisitorId",id:"9f8ba071-13e7-4d3b-a9fe-2c1b0dd86ae2"},{event:"setCustomerId",id:"9f8ba071-13e7-4d3b-a9fe-2c1b0dd86ae2"},{event:"viewCategory",item:google_tag_manager["GTM-MDB4F8D"].macro(178),category:"166",page_number:1});</script>


<iframe src="./Snacks_Candy_Organic_files/eps(12).html" style="display: none;"></iframe><script type="text/javascript" id="">var partner_code="cxbew",lifecycle="inte",src="//px.owneriq.net/stas/s/"+partner_code+".js",head=document.getElementsByTagName("head")[0],script=document.createElement("script");script.type="text/javascript";script.src=src;head.appendChild(script);window._oiqq=window._oiqq||[];window._oiqq.push(["oiq_addPageLifecycle",lifecycle]);window._oiqq.push(["oiq_doTag"]);</script><script type="text/javascript" async="" src="./Snacks_Candy_Organic_files/saved_resource(1)"></script><script type="text/javascript" id="">window.criteo_q=window.criteo_q||[];window.criteo_q.push({event:"setAccount",account:"49626"},{event:"setRetailerVisitorId",id:"9f8ba071-13e7-4d3b-a9fe-2c1b0dd86ae2"},{event:"setCustomerId",id:"9f8ba071-13e7-4d3b-a9fe-2c1b0dd86ae2"},{event:"viewCategory",item:google_tag_manager["GTM-MDB4F8D"].macro(190),category:"192",page_number:1});</script>


<iframe src="./Snacks_Candy_Organic_files/eps(13).html" style="display: none;"></iframe><script type="text/javascript" id="">var partner_code="cxbew",lifecycle="inte",src="//px.owneriq.net/stas/s/"+partner_code+".js",head=document.getElementsByTagName("head")[0],script=document.createElement("script");script.type="text/javascript";script.src=src;head.appendChild(script);window._oiqq=window._oiqq||[];window._oiqq.push(["oiq_addPageLifecycle",lifecycle]);window._oiqq.push(["oiq_doTag"]);</script><script type="text/javascript" async="" src="./Snacks_Candy_Organic_files/saved_resource(7)"></script><script type="text/javascript" id="">window.criteo_q=window.criteo_q||[];window.criteo_q.push({event:"setAccount",account:"49626"},{event:"setRetailerVisitorId",id:"9f8ba071-13e7-4d3b-a9fe-2c1b0dd86ae2"},{event:"setCustomerId",id:"9f8ba071-13e7-4d3b-a9fe-2c1b0dd86ae2"},{event:"viewCategory",item:google_tag_manager["GTM-MDB4F8D"].macro(202),category:"166",page_number:1});</script>


<iframe src="./Snacks_Candy_Organic_files/eps(14).html" style="display: none;"></iframe><script type="text/javascript" id="">var partner_code="cxbew",lifecycle="inte",src="//px.owneriq.net/stas/s/"+partner_code+".js",head=document.getElementsByTagName("head")[0],script=document.createElement("script");script.type="text/javascript";script.src=src;head.appendChild(script);window._oiqq=window._oiqq||[];window._oiqq.push(["oiq_addPageLifecycle",lifecycle]);window._oiqq.push(["oiq_doTag"]);</script><script type="text/javascript" async="" src="./Snacks_Candy_Organic_files/saved_resource(1)"></script><script type="text/javascript" id="">window.criteo_q=window.criteo_q||[];window.criteo_q.push({event:"setAccount",account:"49626"},{event:"setRetailerVisitorId",id:"9f8ba071-13e7-4d3b-a9fe-2c1b0dd86ae2"},{event:"setCustomerId",id:"9f8ba071-13e7-4d3b-a9fe-2c1b0dd86ae2"},{event:"viewCategory",item:google_tag_manager["GTM-MDB4F8D"].macro(214),category:"216",page_number:1});</script>


<iframe src="./Snacks_Candy_Organic_files/eps(15).html" style="display: none;"></iframe><script type="text/javascript" id="">var partner_code="cxbew",lifecycle="inte",src="//px.owneriq.net/stas/s/"+partner_code+".js",head=document.getElementsByTagName("head")[0],script=document.createElement("script");script.type="text/javascript";script.src=src;head.appendChild(script);window._oiqq=window._oiqq||[];window._oiqq.push(["oiq_addPageLifecycle",lifecycle]);window._oiqq.push(["oiq_doTag"]);</script><script type="text/javascript" async="" src="./Snacks_Candy_Organic_files/saved_resource(8)"></script><script type="text/javascript" id="">window.criteo_q=window.criteo_q||[];window.criteo_q.push({event:"setAccount",account:"49626"},{event:"setRetailerVisitorId",id:"9f8ba071-13e7-4d3b-a9fe-2c1b0dd86ae2"},{event:"setCustomerId",id:"9f8ba071-13e7-4d3b-a9fe-2c1b0dd86ae2"},{event:"viewCategory",item:google_tag_manager["GTM-MDB4F8D"].macro(226),category:"166",page_number:1});</script>


<iframe src="./Snacks_Candy_Organic_files/eps(16).html" style="display: none;"></iframe><script type="text/javascript" id="">var partner_code="cxbew",lifecycle="inte",src="//px.owneriq.net/stas/s/"+partner_code+".js",head=document.getElementsByTagName("head")[0],script=document.createElement("script");script.type="text/javascript";script.src=src;head.appendChild(script);window._oiqq=window._oiqq||[];window._oiqq.push(["oiq_addPageLifecycle",lifecycle]);window._oiqq.push(["oiq_doTag"]);</script><script type="text/javascript" async="" src="./Snacks_Candy_Organic_files/saved_resource(1)"></script><script type="text/javascript" id="">window.criteo_q=window.criteo_q||[];window.criteo_q.push({event:"setAccount",account:"49626"},{event:"setRetailerVisitorId",id:"9f8ba071-13e7-4d3b-a9fe-2c1b0dd86ae2"},{event:"setCustomerId",id:"9f8ba071-13e7-4d3b-a9fe-2c1b0dd86ae2"},{event:"viewCategory",item:google_tag_manager["GTM-MDB4F8D"].macro(238),category:"227",page_number:1});</script>


<iframe src="./Snacks_Candy_Organic_files/eps(17).html" style="display: none;"></iframe><script type="text/javascript" id="">var partner_code="cxbew",lifecycle="inte",src="//px.owneriq.net/stas/s/"+partner_code+".js",head=document.getElementsByTagName("head")[0],script=document.createElement("script");script.type="text/javascript";script.src=src;head.appendChild(script);window._oiqq=window._oiqq||[];window._oiqq.push(["oiq_addPageLifecycle",lifecycle]);window._oiqq.push(["oiq_doTag"]);</script><script type="text/javascript" async="" src="./Snacks_Candy_Organic_files/saved_resource(9)"></script><script type="text/javascript" id="">window.criteo_q=window.criteo_q||[];window.criteo_q.push({event:"setAccount",account:"49626"},{event:"setRetailerVisitorId",id:"9f8ba071-13e7-4d3b-a9fe-2c1b0dd86ae2"},{event:"setCustomerId",id:"9f8ba071-13e7-4d3b-a9fe-2c1b0dd86ae2"},{event:"viewCategory",item:google_tag_manager["GTM-MDB4F8D"].macro(250),category:"166",page_number:1});</script>


<iframe src="./Snacks_Candy_Organic_files/eps(18).html" style="display: none;"></iframe><script type="text/javascript" id="">var partner_code="cxbew",lifecycle="inte",src="//px.owneriq.net/stas/s/"+partner_code+".js",head=document.getElementsByTagName("head")[0],script=document.createElement("script");script.type="text/javascript";script.src=src;head.appendChild(script);window._oiqq=window._oiqq||[];window._oiqq.push(["oiq_addPageLifecycle",lifecycle]);window._oiqq.push(["oiq_doTag"]);</script><script type="text/javascript" async="" src="./Snacks_Candy_Organic_files/saved_resource(1)"></script><script type="text/javascript" id="">window.criteo_q=window.criteo_q||[];window.criteo_q.push({event:"setAccount",account:"49626"},{event:"setRetailerVisitorId",id:"9f8ba071-13e7-4d3b-a9fe-2c1b0dd86ae2"},{event:"setCustomerId",id:"9f8ba071-13e7-4d3b-a9fe-2c1b0dd86ae2"},{event:"viewCategory",item:google_tag_manager["GTM-MDB4F8D"].macro(262),category:"236",page_number:1});</script>


<iframe src="./Snacks_Candy_Organic_files/eps(19).html" style="display: none;"></iframe><script type="text/javascript" id="">var partner_code="cxbew",lifecycle="inte",src="//px.owneriq.net/stas/s/"+partner_code+".js",head=document.getElementsByTagName("head")[0],script=document.createElement("script");script.type="text/javascript";script.src=src;head.appendChild(script);window._oiqq=window._oiqq||[];window._oiqq.push(["oiq_addPageLifecycle",lifecycle]);window._oiqq.push(["oiq_doTag"]);</script><script type="text/javascript" async="" src="./Snacks_Candy_Organic_files/saved_resource(10)"></script><script type="text/javascript" id="">window.criteo_q=window.criteo_q||[];window.criteo_q.push({event:"setAccount",account:"49626"},{event:"setRetailerVisitorId",id:"9f8ba071-13e7-4d3b-a9fe-2c1b0dd86ae2"},{event:"setCustomerId",id:"9f8ba071-13e7-4d3b-a9fe-2c1b0dd86ae2"},{event:"viewCategory",item:google_tag_manager["GTM-MDB4F8D"].macro(274),category:"166",page_number:1});</script>


<iframe src="./Snacks_Candy_Organic_files/eps(20).html" style="display: none;"></iframe><script type="text/javascript" id="">var partner_code="cxbew",lifecycle="inte",src="//px.owneriq.net/stas/s/"+partner_code+".js",head=document.getElementsByTagName("head")[0],script=document.createElement("script");script.type="text/javascript";script.src=src;head.appendChild(script);window._oiqq=window._oiqq||[];window._oiqq.push(["oiq_addPageLifecycle",lifecycle]);window._oiqq.push(["oiq_doTag"]);</script><script type="text/javascript" async="" src="./Snacks_Candy_Organic_files/saved_resource(1)"></script><script type="text/javascript" id="">window.criteo_q=window.criteo_q||[];window.criteo_q.push({event:"setAccount",account:"49626"},{event:"setRetailerVisitorId",id:"9f8ba071-13e7-4d3b-a9fe-2c1b0dd86ae2"},{event:"setCustomerId",id:"9f8ba071-13e7-4d3b-a9fe-2c1b0dd86ae2"},{event:"viewCategory",item:google_tag_manager["GTM-MDB4F8D"].macro(286),category:"237",page_number:1});</script>


<iframe src="./Snacks_Candy_Organic_files/eps(21).html" style="display: none;"></iframe><script type="text/javascript" id="">var partner_code="cxbew",lifecycle="inte",src="//px.owneriq.net/stas/s/"+partner_code+".js",head=document.getElementsByTagName("head")[0],script=document.createElement("script");script.type="text/javascript";script.src=src;head.appendChild(script);window._oiqq=window._oiqq||[];window._oiqq.push(["oiq_addPageLifecycle",lifecycle]);window._oiqq.push(["oiq_doTag"]);</script><script type="text/javascript" async="" src="./Snacks_Candy_Organic_files/saved_resource(11)"></script><script type="text/javascript" id="">window.criteo_q=window.criteo_q||[];window.criteo_q.push({event:"setAccount",account:"49626"},{event:"setRetailerVisitorId",id:"9f8ba071-13e7-4d3b-a9fe-2c1b0dd86ae2"},{event:"setCustomerId",id:"9f8ba071-13e7-4d3b-a9fe-2c1b0dd86ae2"},{event:"viewCategory",item:google_tag_manager["GTM-MDB4F8D"].macro(298),category:"166",page_number:1});</script>


<iframe src="./Snacks_Candy_Organic_files/eps(22).html" style="display: none;"></iframe><script type="text/javascript" id="">var partner_code="cxbew",lifecycle="inte",src="//px.owneriq.net/stas/s/"+partner_code+".js",head=document.getElementsByTagName("head")[0],script=document.createElement("script");script.type="text/javascript";script.src=src;head.appendChild(script);window._oiqq=window._oiqq||[];window._oiqq.push(["oiq_addPageLifecycle",lifecycle]);window._oiqq.push(["oiq_doTag"]);</script><script type="text/javascript" async="" src="./Snacks_Candy_Organic_files/saved_resource(1)"></script><script type="text/javascript" id="">window.criteo_q=window.criteo_q||[];window.criteo_q.push({event:"setAccount",account:"49626"},{event:"setRetailerVisitorId",id:"9f8ba071-13e7-4d3b-a9fe-2c1b0dd86ae2"},{event:"setCustomerId",id:"9f8ba071-13e7-4d3b-a9fe-2c1b0dd86ae2"},{event:"viewCategory",item:google_tag_manager["GTM-MDB4F8D"].macro(310),category:"243",page_number:1});</script>


<iframe src="./Snacks_Candy_Organic_files/eps(23).html" style="display: none;"></iframe><script type="text/javascript" id="">var partner_code="cxbew",lifecycle="inte",src="//px.owneriq.net/stas/s/"+partner_code+".js",head=document.getElementsByTagName("head")[0],script=document.createElement("script");script.type="text/javascript";script.src=src;head.appendChild(script);window._oiqq=window._oiqq||[];window._oiqq.push(["oiq_addPageLifecycle",lifecycle]);window._oiqq.push(["oiq_doTag"]);</script><script type="text/javascript" async="" src="./Snacks_Candy_Organic_files/saved_resource(12)"></script><script type="text/javascript" id="">window.criteo_q=window.criteo_q||[];window.criteo_q.push({event:"setAccount",account:"49626"},{event:"setRetailerVisitorId",id:"9f8ba071-13e7-4d3b-a9fe-2c1b0dd86ae2"},{event:"setCustomerId",id:"9f8ba071-13e7-4d3b-a9fe-2c1b0dd86ae2"},{event:"viewCategory",item:google_tag_manager["GTM-MDB4F8D"].macro(322),category:"166",page_number:1});</script>


<iframe src="./Snacks_Candy_Organic_files/eps(24).html" style="display: none;"></iframe><script type="text/javascript" id="">var partner_code="cxbew",lifecycle="inte",src="//px.owneriq.net/stas/s/"+partner_code+".js",head=document.getElementsByTagName("head")[0],script=document.createElement("script");script.type="text/javascript";script.src=src;head.appendChild(script);window._oiqq=window._oiqq||[];window._oiqq.push(["oiq_addPageLifecycle",lifecycle]);window._oiqq.push(["oiq_doTag"]);</script><script type="text/javascript" async="" src="./Snacks_Candy_Organic_files/saved_resource(1)"></script><script type="text/javascript" id="">window.criteo_q=window.criteo_q||[];window.criteo_q.push({event:"setAccount",account:"49626"},{event:"setRetailerVisitorId",id:"9f8ba071-13e7-4d3b-a9fe-2c1b0dd86ae2"},{event:"setCustomerId",id:"9f8ba071-13e7-4d3b-a9fe-2c1b0dd86ae2"},{event:"viewCategory",item:google_tag_manager["GTM-MDB4F8D"].macro(334),category:"3002",page_number:1});</script>


<iframe src="./Snacks_Candy_Organic_files/eps(25).html" style="display: none;"></iframe><script type="text/javascript" id="">var partner_code="cxbew",lifecycle="inte",src="//px.owneriq.net/stas/s/"+partner_code+".js",head=document.getElementsByTagName("head")[0],script=document.createElement("script");script.type="text/javascript";script.src=src;head.appendChild(script);window._oiqq=window._oiqq||[];window._oiqq.push(["oiq_addPageLifecycle",lifecycle]);window._oiqq.push(["oiq_doTag"]);</script><script type="text/javascript" async="" src="./Snacks_Candy_Organic_files/saved_resource(13)"></script><script type="text/javascript" id="">window.criteo_q=window.criteo_q||[];window.criteo_q.push({event:"setAccount",account:"49626"},{event:"setRetailerVisitorId",id:"9f8ba071-13e7-4d3b-a9fe-2c1b0dd86ae2"},{event:"setCustomerId",id:"9f8ba071-13e7-4d3b-a9fe-2c1b0dd86ae2"},{event:"viewCategory",item:google_tag_manager["GTM-MDB4F8D"].macro(346),category:"166",page_number:1});</script>


<iframe src="./Snacks_Candy_Organic_files/eps(26).html" style="display: none;"></iframe><script type="text/javascript" id="">var partner_code="cxbew",lifecycle="inte",src="//px.owneriq.net/stas/s/"+partner_code+".js",head=document.getElementsByTagName("head")[0],script=document.createElement("script");script.type="text/javascript";script.src=src;head.appendChild(script);window._oiqq=window._oiqq||[];window._oiqq.push(["oiq_addPageLifecycle",lifecycle]);window._oiqq.push(["oiq_doTag"]);</script><script type="text/javascript" async="" src="./Snacks_Candy_Organic_files/saved_resource(1)"></script><script type="text/javascript" id="">window.criteo_q=window.criteo_q||[];window.criteo_q.push({event:"setAccount",account:"49626"},{event:"setRetailerVisitorId",id:"9f8ba071-13e7-4d3b-a9fe-2c1b0dd86ae2"},{event:"setCustomerId",id:"9f8ba071-13e7-4d3b-a9fe-2c1b0dd86ae2"},{event:"viewCategory",item:google_tag_manager["GTM-MDB4F8D"].macro(363),category:"340",page_number:1});</script>


<iframe src="./Snacks_Candy_Organic_files/eps(27).html" style="display: none;"></iframe><script type="text/javascript" id="">var partner_code="cxbew",lifecycle="inte",src="//px.owneriq.net/stas/s/"+partner_code+".js",head=document.getElementsByTagName("head")[0],script=document.createElement("script");script.type="text/javascript";script.src=src;head.appendChild(script);window._oiqq=window._oiqq||[];window._oiqq.push(["oiq_addPageLifecycle",lifecycle]);window._oiqq.push(["oiq_doTag"]);</script><script type="text/javascript" async="" src="./Snacks_Candy_Organic_files/saved_resource(14)"></script><script type="text/javascript" id="">window.criteo_q=window.criteo_q||[];window.criteo_q.push({event:"setAccount",account:"49626"},{event:"setRetailerVisitorId",id:"9f8ba071-13e7-4d3b-a9fe-2c1b0dd86ae2"},{event:"setCustomerId",id:"9f8ba071-13e7-4d3b-a9fe-2c1b0dd86ae2"},{event:"viewCategory",item:google_tag_manager["GTM-MDB4F8D"].macro(375),category:"166",page_number:1});</script>


<iframe src="./Snacks_Candy_Organic_files/eps(28).html" style="display: none;"></iframe><script type="text/javascript" id="">var partner_code="cxbew",lifecycle="inte",src="//px.owneriq.net/stas/s/"+partner_code+".js",head=document.getElementsByTagName("head")[0],script=document.createElement("script");script.type="text/javascript";script.src=src;head.appendChild(script);window._oiqq=window._oiqq||[];window._oiqq.push(["oiq_addPageLifecycle",lifecycle]);window._oiqq.push(["oiq_doTag"]);</script><script type="text/javascript" async="" src="./Snacks_Candy_Organic_files/saved_resource(1)"></script><script type="text/javascript" id="">window.criteo_q=window.criteo_q||[];window.criteo_q.push({event:"setAccount",account:"49626"},{event:"setRetailerVisitorId",id:"9f8ba071-13e7-4d3b-a9fe-2c1b0dd86ae2"},{event:"setCustomerId",id:"9f8ba071-13e7-4d3b-a9fe-2c1b0dd86ae2"},{event:"viewCategory",item:google_tag_manager["GTM-MDB4F8D"].macro(387),category:"341",page_number:1});</script>


<iframe src="./Snacks_Candy_Organic_files/eps(29).html" style="display: none;"></iframe><script type="text/javascript" id="">var partner_code="cxbew",lifecycle="inte",src="//px.owneriq.net/stas/s/"+partner_code+".js",head=document.getElementsByTagName("head")[0],script=document.createElement("script");script.type="text/javascript";script.src=src;head.appendChild(script);window._oiqq=window._oiqq||[];window._oiqq.push(["oiq_addPageLifecycle",lifecycle]);window._oiqq.push(["oiq_doTag"]);</script><script type="text/javascript" async="" src="./Snacks_Candy_Organic_files/saved_resource(15)"></script><script type="text/javascript" id="">window.criteo_q=window.criteo_q||[];window.criteo_q.push({event:"setAccount",account:"49626"},{event:"setRetailerVisitorId",id:"9f8ba071-13e7-4d3b-a9fe-2c1b0dd86ae2"},{event:"setCustomerId",id:"9f8ba071-13e7-4d3b-a9fe-2c1b0dd86ae2"},{event:"viewCategory",item:google_tag_manager["GTM-MDB4F8D"].macro(399),category:"166",page_number:1});</script>


<iframe src="./Snacks_Candy_Organic_files/eps(30).html" style="display: none;"></iframe><script type="text/javascript" id="">var partner_code="cxbew",lifecycle="inte",src="//px.owneriq.net/stas/s/"+partner_code+".js",head=document.getElementsByTagName("head")[0],script=document.createElement("script");script.type="text/javascript";script.src=src;head.appendChild(script);window._oiqq=window._oiqq||[];window._oiqq.push(["oiq_addPageLifecycle",lifecycle]);window._oiqq.push(["oiq_doTag"]);</script><script type="text/javascript" async="" src="./Snacks_Candy_Organic_files/saved_resource(1)"></script><script type="text/javascript" id="">window.criteo_q=window.criteo_q||[];window.criteo_q.push({event:"setAccount",account:"49626"},{event:"setRetailerVisitorId",id:"9f8ba071-13e7-4d3b-a9fe-2c1b0dd86ae2"},{event:"setCustomerId",id:"9f8ba071-13e7-4d3b-a9fe-2c1b0dd86ae2"},{event:"viewCategory",item:google_tag_manager["GTM-MDB4F8D"].macro(411),category:"346",page_number:1});</script>


<iframe src="./Snacks_Candy_Organic_files/eps(31).html" style="display: none;"></iframe><script type="text/javascript" id="">var partner_code="cxbew",lifecycle="inte",src="//px.owneriq.net/stas/s/"+partner_code+".js",head=document.getElementsByTagName("head")[0],script=document.createElement("script");script.type="text/javascript";script.src=src;head.appendChild(script);window._oiqq=window._oiqq||[];window._oiqq.push(["oiq_addPageLifecycle",lifecycle]);window._oiqq.push(["oiq_doTag"]);</script><script type="text/javascript" async="" src="./Snacks_Candy_Organic_files/saved_resource(16)"></script><script type="text/javascript" id="">window.criteo_q=window.criteo_q||[];window.criteo_q.push({event:"setAccount",account:"49626"},{event:"setRetailerVisitorId",id:"9f8ba071-13e7-4d3b-a9fe-2c1b0dd86ae2"},{event:"setCustomerId",id:"9f8ba071-13e7-4d3b-a9fe-2c1b0dd86ae2"},{event:"viewCategory",item:google_tag_manager["GTM-MDB4F8D"].macro(423),category:"166",page_number:1});</script>


<iframe src="./Snacks_Candy_Organic_files/eps(32).html" style="display: none;"></iframe><script type="text/javascript" id="">var partner_code="cxbew",lifecycle="inte",src="//px.owneriq.net/stas/s/"+partner_code+".js",head=document.getElementsByTagName("head")[0],script=document.createElement("script");script.type="text/javascript";script.src=src;head.appendChild(script);window._oiqq=window._oiqq||[];window._oiqq.push(["oiq_addPageLifecycle",lifecycle]);window._oiqq.push(["oiq_doTag"]);</script><script type="text/javascript" async="" src="./Snacks_Candy_Organic_files/saved_resource(1)"></script><script type="text/javascript" id="">window.criteo_q=window.criteo_q||[];window.criteo_q.push({event:"setAccount",account:"49626"},{event:"setRetailerVisitorId",id:"9f8ba071-13e7-4d3b-a9fe-2c1b0dd86ae2"},{event:"setCustomerId",id:"9f8ba071-13e7-4d3b-a9fe-2c1b0dd86ae2"},{event:"viewCategory",item:google_tag_manager["GTM-MDB4F8D"].macro(435),category:"3003",page_number:1});</script>


<iframe src="./Snacks_Candy_Organic_files/eps(33).html" style="display: none;"></iframe><script type="text/javascript" id="">var partner_code="cxbew",lifecycle="inte",src="//px.owneriq.net/stas/s/"+partner_code+".js",head=document.getElementsByTagName("head")[0],script=document.createElement("script");script.type="text/javascript";script.src=src;head.appendChild(script);window._oiqq=window._oiqq||[];window._oiqq.push(["oiq_addPageLifecycle",lifecycle]);window._oiqq.push(["oiq_doTag"]);</script><script type="text/javascript" async="" src="./Snacks_Candy_Organic_files/saved_resource(17)"></script><script type="text/javascript" id="">window.criteo_q=window.criteo_q||[];window.criteo_q.push({event:"setAccount",account:"49626"},{event:"setRetailerVisitorId",id:"9f8ba071-13e7-4d3b-a9fe-2c1b0dd86ae2"},{event:"setCustomerId",id:"9f8ba071-13e7-4d3b-a9fe-2c1b0dd86ae2"},{event:"viewCategory",item:google_tag_manager["GTM-MDB4F8D"].macro(447),category:"352",page_number:1});</script>


<iframe src="./Snacks_Candy_Organic_files/eps(34).html" style="display: none;"></iframe><script type="text/javascript" id="">var partner_code="cxbew",lifecycle="inte",src="//px.owneriq.net/stas/s/"+partner_code+".js",head=document.getElementsByTagName("head")[0],script=document.createElement("script");script.type="text/javascript";script.src=src;head.appendChild(script);window._oiqq=window._oiqq||[];window._oiqq.push(["oiq_addPageLifecycle",lifecycle]);window._oiqq.push(["oiq_doTag"]);</script><script type="text/javascript" async="" src="./Snacks_Candy_Organic_files/saved_resource(18)"></script><script type="text/javascript" id="">window.criteo_q=window.criteo_q||[];window.criteo_q.push({event:"setAccount",account:"49626"},{event:"setRetailerVisitorId",id:"9f8ba071-13e7-4d3b-a9fe-2c1b0dd86ae2"},{event:"setCustomerId",id:"9f8ba071-13e7-4d3b-a9fe-2c1b0dd86ae2"},{event:"viewCategory",item:google_tag_manager["GTM-MDB4F8D"].macro(459),category:"166",page_number:1});</script>


<iframe src="./Snacks_Candy_Organic_files/eps(35).html" style="display: none;"></iframe><script type="text/javascript" id="">var partner_code="cxbew",lifecycle="inte",src="//px.owneriq.net/stas/s/"+partner_code+".js",head=document.getElementsByTagName("head")[0],script=document.createElement("script");script.type="text/javascript";script.src=src;head.appendChild(script);window._oiqq=window._oiqq||[];window._oiqq.push(["oiq_addPageLifecycle",lifecycle]);window._oiqq.push(["oiq_doTag"]);</script><script type="text/javascript" async="" src="./Snacks_Candy_Organic_files/saved_resource(1)"></script><script type="text/javascript" id="">window.criteo_q=window.criteo_q||[];window.criteo_q.push({event:"setAccount",account:"49626"},{event:"setRetailerVisitorId",id:"9f8ba071-13e7-4d3b-a9fe-2c1b0dd86ae2"},{event:"setCustomerId",id:"9f8ba071-13e7-4d3b-a9fe-2c1b0dd86ae2"},{event:"viewCategory",item:google_tag_manager["GTM-MDB4F8D"].macro(471),category:"363",page_number:1});</script>


<iframe src="./Snacks_Candy_Organic_files/eps(36).html" style="display: none;"></iframe><script type="text/javascript" id="">var partner_code="cxbew",lifecycle="inte",src="//px.owneriq.net/stas/s/"+partner_code+".js",head=document.getElementsByTagName("head")[0],script=document.createElement("script");script.type="text/javascript";script.src=src;head.appendChild(script);window._oiqq=window._oiqq||[];window._oiqq.push(["oiq_addPageLifecycle",lifecycle]);window._oiqq.push(["oiq_doTag"]);</script><script type="text/javascript" async="" src="./Snacks_Candy_Organic_files/saved_resource(19)"></script><script type="text/javascript" id="">window.criteo_q=window.criteo_q||[];window.criteo_q.push({event:"setAccount",account:"49626"},{event:"setRetailerVisitorId",id:"9f8ba071-13e7-4d3b-a9fe-2c1b0dd86ae2"},{event:"setCustomerId",id:"9f8ba071-13e7-4d3b-a9fe-2c1b0dd86ae2"},{event:"viewCategory",item:google_tag_manager["GTM-MDB4F8D"].macro(483),category:"321",page_number:1});</script>


<iframe src="./Snacks_Candy_Organic_files/eps(37).html" style="display: none;"></iframe><script src="./Snacks_Candy_Organic_files/8545500175.js" type="text/javascript"></script><script type="text/javascript" id="">var partner_code="cxbew",lifecycle="inte",src="//px.owneriq.net/stas/s/"+partner_code+".js",head=document.getElementsByTagName("head")[0],script=document.createElement("script");script.type="text/javascript";script.src=src;head.appendChild(script);window._oiqq=window._oiqq||[];window._oiqq.push(["oiq_addPageLifecycle",lifecycle]);window._oiqq.push(["oiq_doTag"]);</script><script type="text/javascript" async="" src="./Snacks_Candy_Organic_files/saved_resource(20)"></script><script type="text/javascript" id="">window.criteo_q=window.criteo_q||[];window.criteo_q.push({event:"setAccount",account:"49626"},{event:"setRetailerVisitorId",id:"9f8ba071-13e7-4d3b-a9fe-2c1b0dd86ae2"},{event:"setCustomerId",id:"9f8ba071-13e7-4d3b-a9fe-2c1b0dd86ae2"},{event:"viewCategory",item:google_tag_manager["GTM-MDB4F8D"].macro(496),category:"undefined",page_number:1});</script>


<iframe src="./Snacks_Candy_Organic_files/eps(38).html" style="display: none;"></iframe><script type="text/javascript" id="">var partner_code="cxbew",lifecycle="inte",src="//px.owneriq.net/stas/s/"+partner_code+".js",head=document.getElementsByTagName("head")[0],script=document.createElement("script");script.type="text/javascript";script.src=src;head.appendChild(script);window._oiqq=window._oiqq||[];window._oiqq.push(["oiq_addPageLifecycle",lifecycle]);window._oiqq.push(["oiq_doTag"]);</script><script type="text/javascript" async="" src="./Snacks_Candy_Organic_files/saved_resource(21)"></script><script type="text/javascript" id="">window.criteo_q=window.criteo_q||[];window.criteo_q.push({event:"setAccount",account:"49626"},{event:"setRetailerVisitorId",id:"9f8ba071-13e7-4d3b-a9fe-2c1b0dd86ae2"},{event:"setCustomerId",id:"9f8ba071-13e7-4d3b-a9fe-2c1b0dd86ae2"},{event:"viewCategory",item:google_tag_manager["GTM-MDB4F8D"].macro(508),category:"569",page_number:1});</script>


<iframe src="./Snacks_Candy_Organic_files/eps(39).html" style="display: none;"></iframe><script type="text/javascript" id="">var partner_code="cxbew",lifecycle="inte",src="//px.owneriq.net/stas/s/"+partner_code+".js",head=document.getElementsByTagName("head")[0],script=document.createElement("script");script.type="text/javascript";script.src=src;head.appendChild(script);window._oiqq=window._oiqq||[];window._oiqq.push(["oiq_addPageLifecycle",lifecycle]);window._oiqq.push(["oiq_doTag"]);</script><script type="text/javascript" async="" src="./Snacks_Candy_Organic_files/saved_resource(22)"></script><script type="text/javascript" id="">window.criteo_q=window.criteo_q||[];window.criteo_q.push({event:"setAccount",account:"49626"},{event:"setRetailerVisitorId",id:"9f8ba071-13e7-4d3b-a9fe-2c1b0dd86ae2"},{event:"setCustomerId",id:"9f8ba071-13e7-4d3b-a9fe-2c1b0dd86ae2"},{event:"viewCategory",item:google_tag_manager["GTM-MDB4F8D"].macro(520),category:"569",page_number:1});</script>


<iframe src="./Snacks_Candy_Organic_files/eps(40).html" style="display: none;"></iframe><script type="text/javascript" id="">var partner_code="cxbew",lifecycle="inte",src="//px.owneriq.net/stas/s/"+partner_code+".js",head=document.getElementsByTagName("head")[0],script=document.createElement("script");script.type="text/javascript";script.src=src;head.appendChild(script);window._oiqq=window._oiqq||[];window._oiqq.push(["oiq_addPageLifecycle",lifecycle]);window._oiqq.push(["oiq_doTag"]);</script><script type="text/javascript" async="" src="./Snacks_Candy_Organic_files/saved_resource(22)"></script><script type="text/javascript" id="">window.criteo_q=window.criteo_q||[];window.criteo_q.push({event:"setAccount",account:"49626"},{event:"setRetailerVisitorId",id:"9f8ba071-13e7-4d3b-a9fe-2c1b0dd86ae2"},{event:"setCustomerId",id:"9f8ba071-13e7-4d3b-a9fe-2c1b0dd86ae2"},{event:"viewCategory",item:google_tag_manager["GTM-MDB4F8D"].macro(532),category:"570",page_number:1});</script>


<iframe src="./Snacks_Candy_Organic_files/eps(41).html" style="display: none;"></iframe><script type="text/javascript" id="">var partner_code="cxbew",lifecycle="inte",src="//px.owneriq.net/stas/s/"+partner_code+".js",head=document.getElementsByTagName("head")[0],script=document.createElement("script");script.type="text/javascript";script.src=src;head.appendChild(script);window._oiqq=window._oiqq||[];window._oiqq.push(["oiq_addPageLifecycle",lifecycle]);window._oiqq.push(["oiq_doTag"]);</script><script type="text/javascript" async="" src="./Snacks_Candy_Organic_files/saved_resource(23)"></script><script type="text/javascript" id="">window.criteo_q=window.criteo_q||[];window.criteo_q.push({event:"setAccount",account:"49626"},{event:"setRetailerVisitorId",id:"9f8ba071-13e7-4d3b-a9fe-2c1b0dd86ae2"},{event:"setCustomerId",id:"9f8ba071-13e7-4d3b-a9fe-2c1b0dd86ae2"},{event:"viewCategory",item:google_tag_manager["GTM-MDB4F8D"].macro(544),category:"569",page_number:1});</script>


<iframe src="./Snacks_Candy_Organic_files/eps(42).html" style="display: none;"></iframe><script type="text/javascript" id="">var partner_code="cxbew",lifecycle="inte",src="//px.owneriq.net/stas/s/"+partner_code+".js",head=document.getElementsByTagName("head")[0],script=document.createElement("script");script.type="text/javascript";script.src=src;head.appendChild(script);window._oiqq=window._oiqq||[];window._oiqq.push(["oiq_addPageLifecycle",lifecycle]);window._oiqq.push(["oiq_doTag"]);</script><script type="text/javascript" async="" src="./Snacks_Candy_Organic_files/saved_resource(22)"></script><script type="text/javascript" id="">window.criteo_q=window.criteo_q||[];window.criteo_q.push({event:"setAccount",account:"49626"},{event:"setRetailerVisitorId",id:"9f8ba071-13e7-4d3b-a9fe-2c1b0dd86ae2"},{event:"setCustomerId",id:"9f8ba071-13e7-4d3b-a9fe-2c1b0dd86ae2"},{event:"viewCategory",item:google_tag_manager["GTM-MDB4F8D"].macro(556),category:"714",page_number:1});</script>


<iframe src="./Snacks_Candy_Organic_files/eps(43).html" style="display: none;"></iframe><script type="text/javascript" id="">var partner_code="cxbew",lifecycle="inte",src="//px.owneriq.net/stas/s/"+partner_code+".js",head=document.getElementsByTagName("head")[0],script=document.createElement("script");script.type="text/javascript";script.src=src;head.appendChild(script);window._oiqq=window._oiqq||[];window._oiqq.push(["oiq_addPageLifecycle",lifecycle]);window._oiqq.push(["oiq_doTag"]);</script><script type="text/javascript" async="" src="./Snacks_Candy_Organic_files/saved_resource(24)"></script><script type="text/javascript" id="">window.criteo_q=window.criteo_q||[];window.criteo_q.push({event:"setAccount",account:"49626"},{event:"setRetailerVisitorId",id:"9f8ba071-13e7-4d3b-a9fe-2c1b0dd86ae2"},{event:"setCustomerId",id:"9f8ba071-13e7-4d3b-a9fe-2c1b0dd86ae2"},{event:"viewCategory",item:google_tag_manager["GTM-MDB4F8D"].macro(568),category:"569",page_number:1});</script>


<iframe src="./Snacks_Candy_Organic_files/eps(44).html" style="display: none;"></iframe><script type="text/javascript" id="">var partner_code="cxbew",lifecycle="inte",src="//px.owneriq.net/stas/s/"+partner_code+".js",head=document.getElementsByTagName("head")[0],script=document.createElement("script");script.type="text/javascript";script.src=src;head.appendChild(script);window._oiqq=window._oiqq||[];window._oiqq.push(["oiq_addPageLifecycle",lifecycle]);window._oiqq.push(["oiq_doTag"]);</script><script type="text/javascript" async="" src="./Snacks_Candy_Organic_files/saved_resource(22)"></script><script type="text/javascript" id="">window.criteo_q=window.criteo_q||[];window.criteo_q.push({event:"setAccount",account:"49626"},{event:"setRetailerVisitorId",id:"9f8ba071-13e7-4d3b-a9fe-2c1b0dd86ae2"},{event:"setCustomerId",id:"9f8ba071-13e7-4d3b-a9fe-2c1b0dd86ae2"},{event:"viewCategory",item:google_tag_manager["GTM-MDB4F8D"].macro(580),category:"590",page_number:1});</script>


<iframe src="./Snacks_Candy_Organic_files/eps(45).html" style="display: none;"></iframe><script type="text/javascript" id="">var partner_code="cxbew",lifecycle="inte",src="//px.owneriq.net/stas/s/"+partner_code+".js",head=document.getElementsByTagName("head")[0],script=document.createElement("script");script.type="text/javascript";script.src=src;head.appendChild(script);window._oiqq=window._oiqq||[];window._oiqq.push(["oiq_addPageLifecycle",lifecycle]);window._oiqq.push(["oiq_doTag"]);</script><script type="text/javascript" async="" src="./Snacks_Candy_Organic_files/saved_resource(25)"></script><script type="text/javascript" id="">window.criteo_q=window.criteo_q||[];window.criteo_q.push({event:"setAccount",account:"49626"},{event:"setRetailerVisitorId",id:"9f8ba071-13e7-4d3b-a9fe-2c1b0dd86ae2"},{event:"setCustomerId",id:"9f8ba071-13e7-4d3b-a9fe-2c1b0dd86ae2"},{event:"viewCategory",item:google_tag_manager["GTM-MDB4F8D"].macro(592),category:"569",page_number:1});</script>


<iframe src="./Snacks_Candy_Organic_files/eps(46).html" style="display: none;"></iframe><script type="text/javascript" id="">var partner_code="cxbew",lifecycle="inte",src="//px.owneriq.net/stas/s/"+partner_code+".js",head=document.getElementsByTagName("head")[0],script=document.createElement("script");script.type="text/javascript";script.src=src;head.appendChild(script);window._oiqq=window._oiqq||[];window._oiqq.push(["oiq_addPageLifecycle",lifecycle]);window._oiqq.push(["oiq_doTag"]);</script><script type="text/javascript" async="" src="./Snacks_Candy_Organic_files/saved_resource(22)"></script><script type="text/javascript" id="">window.criteo_q=window.criteo_q||[];window.criteo_q.push({event:"setAccount",account:"49626"},{event:"setRetailerVisitorId",id:"9f8ba071-13e7-4d3b-a9fe-2c1b0dd86ae2"},{event:"setCustomerId",id:"9f8ba071-13e7-4d3b-a9fe-2c1b0dd86ae2"},{event:"viewCategory",item:google_tag_manager["GTM-MDB4F8D"].macro(604),category:"771",page_number:1});</script>


<iframe src="./Snacks_Candy_Organic_files/eps(47).html" style="display: none;"></iframe><script type="text/javascript" id="">var partner_code="cxbew",lifecycle="inte",src="//px.owneriq.net/stas/s/"+partner_code+".js",head=document.getElementsByTagName("head")[0],script=document.createElement("script");script.type="text/javascript";script.src=src;head.appendChild(script);window._oiqq=window._oiqq||[];window._oiqq.push(["oiq_addPageLifecycle",lifecycle]);window._oiqq.push(["oiq_doTag"]);</script><script type="text/javascript" async="" src="./Snacks_Candy_Organic_files/saved_resource(26)"></script><script type="text/javascript" id="">window.criteo_q=window.criteo_q||[];window.criteo_q.push({event:"setAccount",account:"49626"},{event:"setRetailerVisitorId",id:"9f8ba071-13e7-4d3b-a9fe-2c1b0dd86ae2"},{event:"setCustomerId",id:"9f8ba071-13e7-4d3b-a9fe-2c1b0dd86ae2"},{event:"viewCategory",item:google_tag_manager["GTM-MDB4F8D"].macro(616),category:"569",page_number:1});</script>


<iframe src="./Snacks_Candy_Organic_files/eps(48).html" style="display: none;"></iframe><script type="text/javascript" id="">var partner_code="cxbew",lifecycle="inte",src="//px.owneriq.net/stas/s/"+partner_code+".js",head=document.getElementsByTagName("head")[0],script=document.createElement("script");script.type="text/javascript";script.src=src;head.appendChild(script);window._oiqq=window._oiqq||[];window._oiqq.push(["oiq_addPageLifecycle",lifecycle]);window._oiqq.push(["oiq_doTag"]);</script><script type="text/javascript" async="" src="./Snacks_Candy_Organic_files/saved_resource(22)"></script><script type="text/javascript" id="">window.criteo_q=window.criteo_q||[];window.criteo_q.push({event:"setAccount",account:"49626"},{event:"setRetailerVisitorId",id:"9f8ba071-13e7-4d3b-a9fe-2c1b0dd86ae2"},{event:"setCustomerId",id:"9f8ba071-13e7-4d3b-a9fe-2c1b0dd86ae2"},{event:"viewCategory",item:google_tag_manager["GTM-MDB4F8D"].macro(628),category:"588",page_number:1});</script>


<iframe src="./Snacks_Candy_Organic_files/eps(49).html" style="display: none;"></iframe><script type="text/javascript" id="">var partner_code="cxbew",lifecycle="inte",src="//px.owneriq.net/stas/s/"+partner_code+".js",head=document.getElementsByTagName("head")[0],script=document.createElement("script");script.type="text/javascript";script.src=src;head.appendChild(script);window._oiqq=window._oiqq||[];window._oiqq.push(["oiq_addPageLifecycle",lifecycle]);window._oiqq.push(["oiq_doTag"]);</script><script type="text/javascript" async="" src="./Snacks_Candy_Organic_files/saved_resource(27)"></script><script type="text/javascript" id="">window.criteo_q=window.criteo_q||[];window.criteo_q.push({event:"setAccount",account:"49626"},{event:"setRetailerVisitorId",id:"9f8ba071-13e7-4d3b-a9fe-2c1b0dd86ae2"},{event:"setCustomerId",id:"9f8ba071-13e7-4d3b-a9fe-2c1b0dd86ae2"},{event:"viewCategory",item:google_tag_manager["GTM-MDB4F8D"].macro(646),category:"569",page_number:1});</script>


<iframe src="./Snacks_Candy_Organic_files/eps(50).html" style="display: none;"></iframe><script type="text/javascript" id="">var partner_code="cxbew",lifecycle="inte",src="//px.owneriq.net/stas/s/"+partner_code+".js",head=document.getElementsByTagName("head")[0],script=document.createElement("script");script.type="text/javascript";script.src=src;head.appendChild(script);window._oiqq=window._oiqq||[];window._oiqq.push(["oiq_addPageLifecycle",lifecycle]);window._oiqq.push(["oiq_doTag"]);</script><script type="text/javascript" async="" src="./Snacks_Candy_Organic_files/saved_resource(22)"></script><script type="text/javascript" id="">window.criteo_q=window.criteo_q||[];window.criteo_q.push({event:"setAccount",account:"49626"},{event:"setRetailerVisitorId",id:"9f8ba071-13e7-4d3b-a9fe-2c1b0dd86ae2"},{event:"setCustomerId",id:"9f8ba071-13e7-4d3b-a9fe-2c1b0dd86ae2"},{event:"viewCategory",item:google_tag_manager["GTM-MDB4F8D"].macro(658),category:"689",page_number:1});</script>


<iframe src="./Snacks_Candy_Organic_files/eps(51).html" style="display: none;"></iframe><script type="text/javascript" id="">var partner_code="cxbew",lifecycle="inte",src="//px.owneriq.net/stas/s/"+partner_code+".js",head=document.getElementsByTagName("head")[0],script=document.createElement("script");script.type="text/javascript";script.src=src;head.appendChild(script);window._oiqq=window._oiqq||[];window._oiqq.push(["oiq_addPageLifecycle",lifecycle]);window._oiqq.push(["oiq_doTag"]);</script><script type="text/javascript" async="" src="./Snacks_Candy_Organic_files/saved_resource(28)"></script><script type="text/javascript" id="">window.criteo_q=window.criteo_q||[];window.criteo_q.push({event:"setAccount",account:"49626"},{event:"setRetailerVisitorId",id:"9f8ba071-13e7-4d3b-a9fe-2c1b0dd86ae2"},{event:"setCustomerId",id:"9f8ba071-13e7-4d3b-a9fe-2c1b0dd86ae2"},{event:"viewCategory",item:google_tag_manager["GTM-MDB4F8D"].macro(670),category:"569",page_number:1});</script>


<iframe src="./Snacks_Candy_Organic_files/eps(52).html" style="display: none;"></iframe><script type="text/javascript" id="">var partner_code="cxbew",lifecycle="inte",src="//px.owneriq.net/stas/s/"+partner_code+".js",head=document.getElementsByTagName("head")[0],script=document.createElement("script");script.type="text/javascript";script.src=src;head.appendChild(script);window._oiqq=window._oiqq||[];window._oiqq.push(["oiq_addPageLifecycle",lifecycle]);window._oiqq.push(["oiq_doTag"]);</script><script type="text/javascript" async="" src="./Snacks_Candy_Organic_files/saved_resource(22)"></script><script type="text/javascript" id="">window.criteo_q=window.criteo_q||[];window.criteo_q.push({event:"setAccount",account:"49626"},{event:"setRetailerVisitorId",id:"9f8ba071-13e7-4d3b-a9fe-2c1b0dd86ae2"},{event:"setCustomerId",id:"9f8ba071-13e7-4d3b-a9fe-2c1b0dd86ae2"},{event:"viewCategory",item:google_tag_manager["GTM-MDB4F8D"].macro(682),category:"589",page_number:1});</script>


<iframe src="./Snacks_Candy_Organic_files/eps(53).html" style="display: none;"></iframe><script type="text/javascript" id="">var partner_code="cxbew",lifecycle="inte",src="//px.owneriq.net/stas/s/"+partner_code+".js",head=document.getElementsByTagName("head")[0],script=document.createElement("script");script.type="text/javascript";script.src=src;head.appendChild(script);window._oiqq=window._oiqq||[];window._oiqq.push(["oiq_addPageLifecycle",lifecycle]);window._oiqq.push(["oiq_doTag"]);</script><script type="text/javascript" async="" src="./Snacks_Candy_Organic_files/saved_resource(29)"></script><script type="text/javascript" id="">window.criteo_q=window.criteo_q||[];window.criteo_q.push({event:"setAccount",account:"49626"},{event:"setRetailerVisitorId",id:"9f8ba071-13e7-4d3b-a9fe-2c1b0dd86ae2"},{event:"setCustomerId",id:"9f8ba071-13e7-4d3b-a9fe-2c1b0dd86ae2"},{event:"viewCategory",item:google_tag_manager["GTM-MDB4F8D"].macro(694),category:"680",page_number:1});</script>


<iframe src="./Snacks_Candy_Organic_files/eps(54).html" style="display: none;"></iframe><script type="text/javascript" id="">var partner_code="cxbew",lifecycle="inte",src="//px.owneriq.net/stas/s/"+partner_code+".js",head=document.getElementsByTagName("head")[0],script=document.createElement("script");script.type="text/javascript";script.src=src;head.appendChild(script);window._oiqq=window._oiqq||[];window._oiqq.push(["oiq_addPageLifecycle",lifecycle]);window._oiqq.push(["oiq_doTag"]);</script><script type="text/javascript" async="" src="./Snacks_Candy_Organic_files/saved_resource(30)"></script><script type="text/javascript" id="">window.criteo_q=window.criteo_q||[];window.criteo_q.push({event:"setAccount",account:"49626"},{event:"setRetailerVisitorId",id:"9f8ba071-13e7-4d3b-a9fe-2c1b0dd86ae2"},{event:"setCustomerId",id:"9f8ba071-13e7-4d3b-a9fe-2c1b0dd86ae2"},{event:"viewCategory",item:google_tag_manager["GTM-MDB4F8D"].macro(706),category:"569",page_number:1});</script>


<iframe src="./Snacks_Candy_Organic_files/eps(55).html" style="display: none;"></iframe><script type="text/javascript" id="">var partner_code="cxbew",lifecycle="inte",src="//px.owneriq.net/stas/s/"+partner_code+".js",head=document.getElementsByTagName("head")[0],script=document.createElement("script");script.type="text/javascript";script.src=src;head.appendChild(script);window._oiqq=window._oiqq||[];window._oiqq.push(["oiq_addPageLifecycle",lifecycle]);window._oiqq.push(["oiq_doTag"]);</script><script type="text/javascript" async="" src="./Snacks_Candy_Organic_files/saved_resource(22)"></script><script type="text/javascript" id="">window.criteo_q=window.criteo_q||[];window.criteo_q.push({event:"setAccount",account:"49626"},{event:"setRetailerVisitorId",id:"9f8ba071-13e7-4d3b-a9fe-2c1b0dd86ae2"},{event:"setCustomerId",id:"9f8ba071-13e7-4d3b-a9fe-2c1b0dd86ae2"},{event:"viewCategory",item:google_tag_manager["GTM-MDB4F8D"].macro(718),category:"725",page_number:1});</script>


<iframe src="./Snacks_Candy_Organic_files/eps(56).html" style="display: none;"></iframe><script type="text/javascript" id="">var partner_code="cxbew",lifecycle="inte",src="//px.owneriq.net/stas/s/"+partner_code+".js",head=document.getElementsByTagName("head")[0],script=document.createElement("script");script.type="text/javascript";script.src=src;head.appendChild(script);window._oiqq=window._oiqq||[];window._oiqq.push(["oiq_addPageLifecycle",lifecycle]);window._oiqq.push(["oiq_doTag"]);</script><script type="text/javascript" async="" src="./Snacks_Candy_Organic_files/saved_resource(31)"></script><script type="text/javascript" id="">window.criteo_q=window.criteo_q||[];window.criteo_q.push({event:"setAccount",account:"49626"},{event:"setRetailerVisitorId",id:"9f8ba071-13e7-4d3b-a9fe-2c1b0dd86ae2"},{event:"setCustomerId",id:"9f8ba071-13e7-4d3b-a9fe-2c1b0dd86ae2"},{event:"viewCategory",item:google_tag_manager["GTM-MDB4F8D"].macro(730),category:"569",page_number:1});</script>


<iframe src="./Snacks_Candy_Organic_files/eps(57).html" style="display: none;"></iframe><script type="text/javascript" id="">var partner_code="cxbew",lifecycle="inte",src="//px.owneriq.net/stas/s/"+partner_code+".js",head=document.getElementsByTagName("head")[0],script=document.createElement("script");script.type="text/javascript";script.src=src;head.appendChild(script);window._oiqq=window._oiqq||[];window._oiqq.push(["oiq_addPageLifecycle",lifecycle]);window._oiqq.push(["oiq_doTag"]);</script><script type="text/javascript" async="" src="./Snacks_Candy_Organic_files/saved_resource(22)"></script><script type="text/javascript" id="">window.criteo_q=window.criteo_q||[];window.criteo_q.push({event:"setAccount",account:"49626"},{event:"setRetailerVisitorId",id:"9f8ba071-13e7-4d3b-a9fe-2c1b0dd86ae2"},{event:"setCustomerId",id:"9f8ba071-13e7-4d3b-a9fe-2c1b0dd86ae2"},{event:"viewCategory",item:google_tag_manager["GTM-MDB4F8D"].macro(742),category:"747",page_number:1});</script>


<iframe src="./Snacks_Candy_Organic_files/eps(58).html" style="display: none;"></iframe><script type="text/javascript" id="">var partner_code="cxbew",lifecycle="inte",src="//px.owneriq.net/stas/s/"+partner_code+".js",head=document.getElementsByTagName("head")[0],script=document.createElement("script");script.type="text/javascript";script.src=src;head.appendChild(script);window._oiqq=window._oiqq||[];window._oiqq.push(["oiq_addPageLifecycle",lifecycle]);window._oiqq.push(["oiq_doTag"]);</script><script type="text/javascript" async="" src="./Snacks_Candy_Organic_files/saved_resource(32)"></script><script type="text/javascript" id="">window.criteo_q=window.criteo_q||[];window.criteo_q.push({event:"setAccount",account:"49626"},{event:"setRetailerVisitorId",id:"9f8ba071-13e7-4d3b-a9fe-2c1b0dd86ae2"},{event:"setCustomerId",id:"9f8ba071-13e7-4d3b-a9fe-2c1b0dd86ae2"},{event:"viewCategory",item:google_tag_manager["GTM-MDB4F8D"].macro(754),category:"569",page_number:1});</script>


<iframe src="./Snacks_Candy_Organic_files/eps(59).html" style="display: none;"></iframe><script type="text/javascript" id="">var partner_code="cxbew",lifecycle="inte",src="//px.owneriq.net/stas/s/"+partner_code+".js",head=document.getElementsByTagName("head")[0],script=document.createElement("script");script.type="text/javascript";script.src=src;head.appendChild(script);window._oiqq=window._oiqq||[];window._oiqq.push(["oiq_addPageLifecycle",lifecycle]);window._oiqq.push(["oiq_doTag"]);</script><script type="text/javascript" async="" src="./Snacks_Candy_Organic_files/saved_resource(22)"></script><script type="text/javascript" id="">window.criteo_q=window.criteo_q||[];window.criteo_q.push({event:"setAccount",account:"49626"},{event:"setRetailerVisitorId",id:"9f8ba071-13e7-4d3b-a9fe-2c1b0dd86ae2"},{event:"setCustomerId",id:"9f8ba071-13e7-4d3b-a9fe-2c1b0dd86ae2"},{event:"viewCategory",item:google_tag_manager["GTM-MDB4F8D"].macro(766),category:"800",page_number:1});</script>


<iframe src="./Snacks_Candy_Organic_files/eps(60).html" style="display: none;"></iframe><script type="text/javascript" id="">var partner_code="cxbew",lifecycle="inte",src="//px.owneriq.net/stas/s/"+partner_code+".js",head=document.getElementsByTagName("head")[0],script=document.createElement("script");script.type="text/javascript";script.src=src;head.appendChild(script);window._oiqq=window._oiqq||[];window._oiqq.push(["oiq_addPageLifecycle",lifecycle]);window._oiqq.push(["oiq_doTag"]);</script><script type="text/javascript" async="" src="./Snacks_Candy_Organic_files/saved_resource(33)"></script><script type="text/javascript" id="">window.criteo_q=window.criteo_q||[];window.criteo_q.push({event:"setAccount",account:"49626"},{event:"setRetailerVisitorId",id:"9f8ba071-13e7-4d3b-a9fe-2c1b0dd86ae2"},{event:"setCustomerId",id:"9f8ba071-13e7-4d3b-a9fe-2c1b0dd86ae2"},{event:"viewCategory",item:google_tag_manager["GTM-MDB4F8D"].macro(778),category:"569",page_number:1});</script>


<iframe src="./Snacks_Candy_Organic_files/eps(61).html" style="display: none;"></iframe><script type="text/javascript" id="">var partner_code="cxbew",lifecycle="inte",src="//px.owneriq.net/stas/s/"+partner_code+".js",head=document.getElementsByTagName("head")[0],script=document.createElement("script");script.type="text/javascript";script.src=src;head.appendChild(script);window._oiqq=window._oiqq||[];window._oiqq.push(["oiq_addPageLifecycle",lifecycle]);window._oiqq.push(["oiq_doTag"]);</script><script type="text/javascript" async="" src="./Snacks_Candy_Organic_files/saved_resource(22)"></script><script type="text/javascript" id="">window.criteo_q=window.criteo_q||[];window.criteo_q.push({event:"setAccount",account:"49626"},{event:"setRetailerVisitorId",id:"9f8ba071-13e7-4d3b-a9fe-2c1b0dd86ae2"},{event:"setCustomerId",id:"9f8ba071-13e7-4d3b-a9fe-2c1b0dd86ae2"},{event:"viewCategory",item:google_tag_manager["GTM-MDB4F8D"].macro(790),category:"801",page_number:1});</script>


<iframe src="./Snacks_Candy_Organic_files/eps(62).html" style="display: none;"></iframe><script type="text/javascript" id="">var partner_code="cxbew",lifecycle="inte",src="//px.owneriq.net/stas/s/"+partner_code+".js",head=document.getElementsByTagName("head")[0],script=document.createElement("script");script.type="text/javascript";script.src=src;head.appendChild(script);window._oiqq=window._oiqq||[];window._oiqq.push(["oiq_addPageLifecycle",lifecycle]);window._oiqq.push(["oiq_doTag"]);</script><script type="text/javascript" async="" src="./Snacks_Candy_Organic_files/saved_resource(34)"></script><script type="text/javascript" id="">window.criteo_q=window.criteo_q||[];window.criteo_q.push({event:"setAccount",account:"49626"},{event:"setRetailerVisitorId",id:"9f8ba071-13e7-4d3b-a9fe-2c1b0dd86ae2"},{event:"setCustomerId",id:"9f8ba071-13e7-4d3b-a9fe-2c1b0dd86ae2"},{event:"viewCategory",item:google_tag_manager["GTM-MDB4F8D"].macro(802),category:"569",page_number:1});</script>


<iframe src="./Snacks_Candy_Organic_files/eps(63).html" style="display: none;"></iframe><script type="text/javascript" id="">var partner_code="cxbew",lifecycle="inte",src="//px.owneriq.net/stas/s/"+partner_code+".js",head=document.getElementsByTagName("head")[0],script=document.createElement("script");script.type="text/javascript";script.src=src;head.appendChild(script);window._oiqq=window._oiqq||[];window._oiqq.push(["oiq_addPageLifecycle",lifecycle]);window._oiqq.push(["oiq_doTag"]);</script><script type="text/javascript" async="" src="./Snacks_Candy_Organic_files/saved_resource(22)"></script><script type="text/javascript" id="">window.criteo_q=window.criteo_q||[];window.criteo_q.push({event:"setAccount",account:"49626"},{event:"setRetailerVisitorId",id:"9f8ba071-13e7-4d3b-a9fe-2c1b0dd86ae2"},{event:"setCustomerId",id:"9f8ba071-13e7-4d3b-a9fe-2c1b0dd86ae2"},{event:"viewCategory",item:google_tag_manager["GTM-MDB4F8D"].macro(814),category:"5339",page_number:1});</script>


<iframe src="./Snacks_Candy_Organic_files/eps(64).html" style="display: none;"></iframe><script src="./Snacks_Candy_Organic_files/8545500175.js" type="text/javascript"></script><script type="text/javascript" id="">var partner_code="cxbew",lifecycle="inte",src="//px.owneriq.net/stas/s/"+partner_code+".js",head=document.getElementsByTagName("head")[0],script=document.createElement("script");script.type="text/javascript";script.src=src;head.appendChild(script);window._oiqq=window._oiqq||[];window._oiqq.push(["oiq_addPageLifecycle",lifecycle]);window._oiqq.push(["oiq_doTag"]);</script><script type="text/javascript" async="" src="./Snacks_Candy_Organic_files/saved_resource(35)"></script><script type="text/javascript" id="">window.criteo_q=window.criteo_q||[];window.criteo_q.push({event:"setAccount",account:"49626"},{event:"setRetailerVisitorId",id:"9f8ba071-13e7-4d3b-a9fe-2c1b0dd86ae2"},{event:"setCustomerId",id:"9f8ba071-13e7-4d3b-a9fe-2c1b0dd86ae2"},{event:"viewCategory",item:google_tag_manager["GTM-MDB4F8D"].macro(827),category:"undefined",page_number:1});</script>


<iframe src="./Snacks_Candy_Organic_files/eps(65).html" style="display: none;"></iframe><script type="text/javascript" id="">var partner_code="cxbew",lifecycle="inte",src="//px.owneriq.net/stas/s/"+partner_code+".js",head=document.getElementsByTagName("head")[0],script=document.createElement("script");script.type="text/javascript";script.src=src;head.appendChild(script);window._oiqq=window._oiqq||[];window._oiqq.push(["oiq_addPageLifecycle",lifecycle]);window._oiqq.push(["oiq_doTag"]);</script><script type="text/javascript" async="" src="./Snacks_Candy_Organic_files/saved_resource(21)"></script><script type="text/javascript" id="">window.criteo_q=window.criteo_q||[];window.criteo_q.push({event:"setAccount",account:"49626"},{event:"setRetailerVisitorId",id:"9f8ba071-13e7-4d3b-a9fe-2c1b0dd86ae2"},{event:"setCustomerId",id:"9f8ba071-13e7-4d3b-a9fe-2c1b0dd86ae2"},{event:"viewCategory",item:google_tag_manager["GTM-MDB4F8D"].macro(839),category:"2708",page_number:1});</script>


<iframe src="./Snacks_Candy_Organic_files/eps(66).html" style="display: none;"></iframe><script type="text/javascript" id="">var partner_code="cxbew",lifecycle="inte",src="//px.owneriq.net/stas/s/"+partner_code+".js",head=document.getElementsByTagName("head")[0],script=document.createElement("script");script.type="text/javascript";script.src=src;head.appendChild(script);window._oiqq=window._oiqq||[];window._oiqq.push(["oiq_addPageLifecycle",lifecycle]);window._oiqq.push(["oiq_doTag"]);</script><script type="text/javascript" async="" src="./Snacks_Candy_Organic_files/saved_resource(36)"></script><script type="text/javascript" id="">window.criteo_q=window.criteo_q||[];window.criteo_q.push({event:"setAccount",account:"49626"},{event:"setRetailerVisitorId",id:"9f8ba071-13e7-4d3b-a9fe-2c1b0dd86ae2"},{event:"setCustomerId",id:"9f8ba071-13e7-4d3b-a9fe-2c1b0dd86ae2"},{event:"viewCategory",item:google_tag_manager["GTM-MDB4F8D"].macro(851),category:"2708",page_number:1});</script>


<iframe src="./Snacks_Candy_Organic_files/eps(67).html" style="display: none;"></iframe><script type="text/javascript" id="">var partner_code="cxbew",lifecycle="inte",src="//px.owneriq.net/stas/s/"+partner_code+".js",head=document.getElementsByTagName("head")[0],script=document.createElement("script");script.type="text/javascript";script.src=src;head.appendChild(script);window._oiqq=window._oiqq||[];window._oiqq.push(["oiq_addPageLifecycle",lifecycle]);window._oiqq.push(["oiq_doTag"]);</script><script type="text/javascript" async="" src="./Snacks_Candy_Organic_files/saved_resource(36)"></script><script type="text/javascript" id="">window.criteo_q=window.criteo_q||[];window.criteo_q.push({event:"setAccount",account:"49626"},{event:"setRetailerVisitorId",id:"9f8ba071-13e7-4d3b-a9fe-2c1b0dd86ae2"},{event:"setCustomerId",id:"9f8ba071-13e7-4d3b-a9fe-2c1b0dd86ae2"},{event:"viewCategory",item:google_tag_manager["GTM-MDB4F8D"].macro(863),category:"2782",page_number:1});</script>


<iframe src="./Snacks_Candy_Organic_files/eps(68).html" style="display: none;"></iframe><script type="text/javascript" id="">var partner_code="cxbew",lifecycle="inte",src="//px.owneriq.net/stas/s/"+partner_code+".js",head=document.getElementsByTagName("head")[0],script=document.createElement("script");script.type="text/javascript";script.src=src;head.appendChild(script);window._oiqq=window._oiqq||[];window._oiqq.push(["oiq_addPageLifecycle",lifecycle]);window._oiqq.push(["oiq_doTag"]);</script><script type="text/javascript" async="" src="./Snacks_Candy_Organic_files/saved_resource(36)"></script><script type="text/javascript" id="">window.criteo_q=window.criteo_q||[];window.criteo_q.push({event:"setAccount",account:"49626"},{event:"setRetailerVisitorId",id:"9f8ba071-13e7-4d3b-a9fe-2c1b0dd86ae2"},{event:"setCustomerId",id:"9f8ba071-13e7-4d3b-a9fe-2c1b0dd86ae2"},{event:"viewCategory",item:google_tag_manager["GTM-MDB4F8D"].macro(875),category:"2708",page_number:1});</script>


<iframe src="./Snacks_Candy_Organic_files/eps(69).html" style="display: none;"></iframe><script type="text/javascript" id="">var partner_code="cxbew",lifecycle="inte",src="//px.owneriq.net/stas/s/"+partner_code+".js",head=document.getElementsByTagName("head")[0],script=document.createElement("script");script.type="text/javascript";script.src=src;head.appendChild(script);window._oiqq=window._oiqq||[];window._oiqq.push(["oiq_addPageLifecycle",lifecycle]);window._oiqq.push(["oiq_doTag"]);</script><script type="text/javascript" async="" src="./Snacks_Candy_Organic_files/saved_resource(36)"></script><script type="text/javascript" id="">window.criteo_q=window.criteo_q||[];window.criteo_q.push({event:"setAccount",account:"49626"},{event:"setRetailerVisitorId",id:"9f8ba071-13e7-4d3b-a9fe-2c1b0dd86ae2"},{event:"setCustomerId",id:"9f8ba071-13e7-4d3b-a9fe-2c1b0dd86ae2"},{event:"viewCategory",item:google_tag_manager["GTM-MDB4F8D"].macro(887),category:"2709",page_number:1});</script>


<iframe src="./Snacks_Candy_Organic_files/eps(70).html" style="display: none;"></iframe><script type="text/javascript" id="">var partner_code="cxbew",lifecycle="inte",src="//px.owneriq.net/stas/s/"+partner_code+".js",head=document.getElementsByTagName("head")[0],script=document.createElement("script");script.type="text/javascript";script.src=src;head.appendChild(script);window._oiqq=window._oiqq||[];window._oiqq.push(["oiq_addPageLifecycle",lifecycle]);window._oiqq.push(["oiq_doTag"]);</script><script type="text/javascript" async="" src="./Snacks_Candy_Organic_files/saved_resource(37)"></script><script type="text/javascript" id="">window.criteo_q=window.criteo_q||[];window.criteo_q.push({event:"setAccount",account:"49626"},{event:"setRetailerVisitorId",id:"9f8ba071-13e7-4d3b-a9fe-2c1b0dd86ae2"},{event:"setCustomerId",id:"9f8ba071-13e7-4d3b-a9fe-2c1b0dd86ae2"},{event:"viewCategory",item:google_tag_manager["GTM-MDB4F8D"].macro(899),category:"2708",page_number:1});</script>


<iframe src="./Snacks_Candy_Organic_files/eps(71).html" style="display: none;"></iframe><script type="text/javascript" id="">var partner_code="cxbew",lifecycle="inte",src="//px.owneriq.net/stas/s/"+partner_code+".js",head=document.getElementsByTagName("head")[0],script=document.createElement("script");script.type="text/javascript";script.src=src;head.appendChild(script);window._oiqq=window._oiqq||[];window._oiqq.push(["oiq_addPageLifecycle",lifecycle]);window._oiqq.push(["oiq_doTag"]);</script><script type="text/javascript" async="" src="./Snacks_Candy_Organic_files/saved_resource(36)"></script><script type="text/javascript" id="">window.criteo_q=window.criteo_q||[];window.criteo_q.push({event:"setAccount",account:"49626"},{event:"setRetailerVisitorId",id:"9f8ba071-13e7-4d3b-a9fe-2c1b0dd86ae2"},{event:"setCustomerId",id:"9f8ba071-13e7-4d3b-a9fe-2c1b0dd86ae2"},{event:"viewCategory",item:google_tag_manager["GTM-MDB4F8D"].macro(911),category:"2721",page_number:1});</script>


<iframe src="./Snacks_Candy_Organic_files/eps(72).html" style="display: none;"></iframe><script type="text/javascript" id="">var partner_code="cxbew",lifecycle="inte",src="//px.owneriq.net/stas/s/"+partner_code+".js",head=document.getElementsByTagName("head")[0],script=document.createElement("script");script.type="text/javascript";script.src=src;head.appendChild(script);window._oiqq=window._oiqq||[];window._oiqq.push(["oiq_addPageLifecycle",lifecycle]);window._oiqq.push(["oiq_doTag"]);</script><script type="text/javascript" async="" src="./Snacks_Candy_Organic_files/saved_resource(38)"></script><script type="text/javascript" id="">window.criteo_q=window.criteo_q||[];window.criteo_q.push({event:"setAccount",account:"49626"},{event:"setRetailerVisitorId",id:"9f8ba071-13e7-4d3b-a9fe-2c1b0dd86ae2"},{event:"setCustomerId",id:"9f8ba071-13e7-4d3b-a9fe-2c1b0dd86ae2"},{event:"viewCategory",item:google_tag_manager["GTM-MDB4F8D"].macro(923),category:"2708",page_number:1});</script>


<iframe src="./Snacks_Candy_Organic_files/eps(73).html" style="display: none;"></iframe><script type="text/javascript" id="">var partner_code="cxbew",lifecycle="inte",src="//px.owneriq.net/stas/s/"+partner_code+".js",head=document.getElementsByTagName("head")[0],script=document.createElement("script");script.type="text/javascript";script.src=src;head.appendChild(script);window._oiqq=window._oiqq||[];window._oiqq.push(["oiq_addPageLifecycle",lifecycle]);window._oiqq.push(["oiq_doTag"]);</script><script type="text/javascript" async="" src="./Snacks_Candy_Organic_files/saved_resource(36)"></script><script type="text/javascript" id="">window.criteo_q=window.criteo_q||[];window.criteo_q.push({event:"setAccount",account:"49626"},{event:"setRetailerVisitorId",id:"9f8ba071-13e7-4d3b-a9fe-2c1b0dd86ae2"},{event:"setCustomerId",id:"9f8ba071-13e7-4d3b-a9fe-2c1b0dd86ae2"},{event:"viewCategory",item:google_tag_manager["GTM-MDB4F8D"].macro(935),category:"2730",page_number:1});</script>


<iframe src="./Snacks_Candy_Organic_files/eps(74).html" style="display: none;"></iframe><script type="text/javascript" id="">var partner_code="cxbew",lifecycle="inte",src="//px.owneriq.net/stas/s/"+partner_code+".js",head=document.getElementsByTagName("head")[0],script=document.createElement("script");script.type="text/javascript";script.src=src;head.appendChild(script);window._oiqq=window._oiqq||[];window._oiqq.push(["oiq_addPageLifecycle",lifecycle]);window._oiqq.push(["oiq_doTag"]);</script><script type="text/javascript" async="" src="./Snacks_Candy_Organic_files/saved_resource(39)"></script><script type="text/javascript" id="">window.criteo_q=window.criteo_q||[];window.criteo_q.push({event:"setAccount",account:"49626"},{event:"setRetailerVisitorId",id:"9f8ba071-13e7-4d3b-a9fe-2c1b0dd86ae2"},{event:"setCustomerId",id:"9f8ba071-13e7-4d3b-a9fe-2c1b0dd86ae2"},{event:"viewCategory",item:google_tag_manager["GTM-MDB4F8D"].macro(947),category:"2708",page_number:1});</script>


<iframe src="./Snacks_Candy_Organic_files/eps(75).html" style="display: none;"></iframe><script type="text/javascript" id="">var partner_code="cxbew",lifecycle="inte",src="//px.owneriq.net/stas/s/"+partner_code+".js",head=document.getElementsByTagName("head")[0],script=document.createElement("script");script.type="text/javascript";script.src=src;head.appendChild(script);window._oiqq=window._oiqq||[];window._oiqq.push(["oiq_addPageLifecycle",lifecycle]);window._oiqq.push(["oiq_doTag"]);</script><script type="text/javascript" async="" src="./Snacks_Candy_Organic_files/saved_resource(36)"></script><script type="text/javascript" id="">window.criteo_q=window.criteo_q||[];window.criteo_q.push({event:"setAccount",account:"49626"},{event:"setRetailerVisitorId",id:"9f8ba071-13e7-4d3b-a9fe-2c1b0dd86ae2"},{event:"setCustomerId",id:"9f8ba071-13e7-4d3b-a9fe-2c1b0dd86ae2"},{event:"viewCategory",item:google_tag_manager["GTM-MDB4F8D"].macro(959),category:"2791",page_number:1});</script>


<iframe src="./Snacks_Candy_Organic_files/eps(76).html" style="display: none;"></iframe><script type="text/javascript" id="">var partner_code="cxbew",lifecycle="inte",src="//px.owneriq.net/stas/s/"+partner_code+".js",head=document.getElementsByTagName("head")[0],script=document.createElement("script");script.type="text/javascript";script.src=src;head.appendChild(script);window._oiqq=window._oiqq||[];window._oiqq.push(["oiq_addPageLifecycle",lifecycle]);window._oiqq.push(["oiq_doTag"]);</script><script type="text/javascript" async="" src="./Snacks_Candy_Organic_files/saved_resource(40)"></script><script type="text/javascript" id="">window.criteo_q=window.criteo_q||[];window.criteo_q.push({event:"setAccount",account:"49626"},{event:"setRetailerVisitorId",id:"9f8ba071-13e7-4d3b-a9fe-2c1b0dd86ae2"},{event:"setCustomerId",id:"9f8ba071-13e7-4d3b-a9fe-2c1b0dd86ae2"},{event:"viewCategory",item:google_tag_manager["GTM-MDB4F8D"].macro(971),category:"2708",page_number:1});</script>


<iframe src="./Snacks_Candy_Organic_files/eps(77).html" style="display: none;"></iframe><script type="text/javascript" id="">var partner_code="cxbew",lifecycle="inte",src="//px.owneriq.net/stas/s/"+partner_code+".js",head=document.getElementsByTagName("head")[0],script=document.createElement("script");script.type="text/javascript";script.src=src;head.appendChild(script);window._oiqq=window._oiqq||[];window._oiqq.push(["oiq_addPageLifecycle",lifecycle]);window._oiqq.push(["oiq_doTag"]);</script><script type="text/javascript" async="" src="./Snacks_Candy_Organic_files/saved_resource(36)"></script><script type="text/javascript" id="">window.criteo_q=window.criteo_q||[];window.criteo_q.push({event:"setAccount",account:"49626"},{event:"setRetailerVisitorId",id:"9f8ba071-13e7-4d3b-a9fe-2c1b0dd86ae2"},{event:"setCustomerId",id:"9f8ba071-13e7-4d3b-a9fe-2c1b0dd86ae2"},{event:"viewCategory",item:google_tag_manager["GTM-MDB4F8D"].macro(983),category:"2808",page_number:1});</script>


<iframe src="./Snacks_Candy_Organic_files/eps(78).html" style="display: none;"></iframe><script type="text/javascript" id="">var partner_code="cxbew",lifecycle="inte",src="//px.owneriq.net/stas/s/"+partner_code+".js",head=document.getElementsByTagName("head")[0],script=document.createElement("script");script.type="text/javascript";script.src=src;head.appendChild(script);window._oiqq=window._oiqq||[];window._oiqq.push(["oiq_addPageLifecycle",lifecycle]);window._oiqq.push(["oiq_doTag"]);</script><script type="text/javascript" async="" src="./Snacks_Candy_Organic_files/saved_resource(36)"></script><script type="text/javascript" id="">window.criteo_q=window.criteo_q||[];window.criteo_q.push({event:"setAccount",account:"49626"},{event:"setRetailerVisitorId",id:"9f8ba071-13e7-4d3b-a9fe-2c1b0dd86ae2"},{event:"setCustomerId",id:"9f8ba071-13e7-4d3b-a9fe-2c1b0dd86ae2"},{event:"viewCategory",item:google_tag_manager["GTM-MDB4F8D"].macro(995),category:"2708",page_number:1});</script>


<iframe src="./Snacks_Candy_Organic_files/eps(79).html" style="display: none;"></iframe><script type="text/javascript" id="">var partner_code="cxbew",lifecycle="inte",src="//px.owneriq.net/stas/s/"+partner_code+".js",head=document.getElementsByTagName("head")[0],script=document.createElement("script");script.type="text/javascript";script.src=src;head.appendChild(script);window._oiqq=window._oiqq||[];window._oiqq.push(["oiq_addPageLifecycle",lifecycle]);window._oiqq.push(["oiq_doTag"]);</script><script type="text/javascript" async="" src="./Snacks_Candy_Organic_files/saved_resource(36)"></script><script type="text/javascript" id="">window.criteo_q=window.criteo_q||[];window.criteo_q.push({event:"setAccount",account:"49626"},{event:"setRetailerVisitorId",id:"9f8ba071-13e7-4d3b-a9fe-2c1b0dd86ae2"},{event:"setCustomerId",id:"9f8ba071-13e7-4d3b-a9fe-2c1b0dd86ae2"},{event:"viewCategory",item:google_tag_manager["GTM-MDB4F8D"].macro(1007),category:"2744",page_number:1});</script>


<iframe src="./Snacks_Candy_Organic_files/eps(80).html" style="display: none;"></iframe><script type="text/javascript" id="">var partner_code="cxbew",lifecycle="inte",src="//px.owneriq.net/stas/s/"+partner_code+".js",head=document.getElementsByTagName("head")[0],script=document.createElement("script");script.type="text/javascript";script.src=src;head.appendChild(script);window._oiqq=window._oiqq||[];window._oiqq.push(["oiq_addPageLifecycle",lifecycle]);window._oiqq.push(["oiq_doTag"]);</script><script type="text/javascript" async="" src="./Snacks_Candy_Organic_files/saved_resource(41)"></script><script type="text/javascript" id="">window.criteo_q=window.criteo_q||[];window.criteo_q.push({event:"setAccount",account:"49626"},{event:"setRetailerVisitorId",id:"9f8ba071-13e7-4d3b-a9fe-2c1b0dd86ae2"},{event:"setCustomerId",id:"9f8ba071-13e7-4d3b-a9fe-2c1b0dd86ae2"},{event:"viewCategory",item:google_tag_manager["GTM-MDB4F8D"].macro(1019),category:"undefined",page_number:1});</script>


<iframe src="./Snacks_Candy_Organic_files/eps(81).html" style="display: none;"></iframe><script type="text/javascript" id="">var partner_code="cxbew",lifecycle="inte",src="//px.owneriq.net/stas/s/"+partner_code+".js",head=document.getElementsByTagName("head")[0],script=document.createElement("script");script.type="text/javascript";script.src=src;head.appendChild(script);window._oiqq=window._oiqq||[];window._oiqq.push(["oiq_addPageLifecycle",lifecycle]);window._oiqq.push(["oiq_doTag"]);</script><script type="text/javascript" async="" src="./Snacks_Candy_Organic_files/saved_resource(21)"></script><script type="text/javascript" id="">window.criteo_q=window.criteo_q||[];window.criteo_q.push({event:"setAccount",account:"49626"},{event:"setRetailerVisitorId",id:"9f8ba071-13e7-4d3b-a9fe-2c1b0dd86ae2"},{event:"setCustomerId",id:"9f8ba071-13e7-4d3b-a9fe-2c1b0dd86ae2"},{event:"viewCategory",item:google_tag_manager["GTM-MDB4F8D"].macro(1031),category:"2543",page_number:1});</script>


<iframe src="./Snacks_Candy_Organic_files/eps(82).html" style="display: none;"></iframe><script type="text/javascript" id="">var partner_code="cxbew",lifecycle="inte",src="//px.owneriq.net/stas/s/"+partner_code+".js",head=document.getElementsByTagName("head")[0],script=document.createElement("script");script.type="text/javascript";script.src=src;head.appendChild(script);window._oiqq=window._oiqq||[];window._oiqq.push(["oiq_addPageLifecycle",lifecycle]);window._oiqq.push(["oiq_doTag"]);</script><script type="text/javascript" async="" src="./Snacks_Candy_Organic_files/saved_resource(42)"></script><script type="text/javascript" id="">window.criteo_q=window.criteo_q||[];window.criteo_q.push({event:"setAccount",account:"49626"},{event:"setRetailerVisitorId",id:"9f8ba071-13e7-4d3b-a9fe-2c1b0dd86ae2"},{event:"setCustomerId",id:"9f8ba071-13e7-4d3b-a9fe-2c1b0dd86ae2"},{event:"viewCategory",item:google_tag_manager["GTM-MDB4F8D"].macro(1043),category:"2543",page_number:1});</script>


<iframe src="./Snacks_Candy_Organic_files/eps(83).html" style="display: none;"></iframe></body><iframe id="kx-proxy-r5kol0qtp" src="./Snacks_Candy_Organic_files/proxy.3d2100fd7107262ecb55ce6847f01fa5.html" style="display: none; visibility: hidden; height: 0; width: 0;"></iframe></html>